%YAML 1.1
%TAG !u! tag:unity3d.com,2011:
--- !u!1 &602270608783039
GameObject:
  m_ObjectHideFlags: 0
  m_CorrespondingSourceObject: {fileID: 0}
  m_PrefabInstance: {fileID: 0}
  m_PrefabAsset: {fileID: 0}
  serializedVersion: 6
  m_Component:
  - component: {fileID: 936784809190531519}
  - component: {fileID: 559999545052991191}
  - component: {fileID: 705138923195577794}
  - component: {fileID: 8184495605913560752}
  m_Layer: 0
  m_Name: Cube (3)
  m_TagString: Untagged
  m_Icon: {fileID: 0}
  m_NavMeshLayer: 0
  m_StaticEditorFlags: 0
  m_IsActive: 1
--- !u!4 &936784809190531519
Transform:
  m_ObjectHideFlags: 0
  m_CorrespondingSourceObject: {fileID: 0}
  m_PrefabInstance: {fileID: 0}
  m_PrefabAsset: {fileID: 0}
  m_GameObject: {fileID: 602270608783039}
  m_LocalRotation: {x: -0, y: 0.13250086, z: -0, w: 0.9911829}
  m_LocalPosition: {x: -0.01999998, y: 0.5, z: -0.96}
  m_LocalScale: {x: 1, y: 1, z: 1}
  m_Children: []
  m_Father: {fileID: 8275941402709365639}
  m_RootOrder: 3
  m_LocalEulerAnglesHint: {x: 0, y: 15.228001, z: 0}
--- !u!33 &559999545052991191
MeshFilter:
  m_ObjectHideFlags: 0
  m_CorrespondingSourceObject: {fileID: 0}
  m_PrefabInstance: {fileID: 0}
  m_PrefabAsset: {fileID: 0}
  m_GameObject: {fileID: 602270608783039}
  m_Mesh: {fileID: 10202, guid: 0000000000000000e000000000000000, type: 0}
--- !u!23 &705138923195577794
MeshRenderer:
  m_ObjectHideFlags: 0
  m_CorrespondingSourceObject: {fileID: 0}
  m_PrefabInstance: {fileID: 0}
  m_PrefabAsset: {fileID: 0}
  m_GameObject: {fileID: 602270608783039}
  m_Enabled: 1
  m_CastShadows: 1
  m_ReceiveShadows: 1
  m_DynamicOccludee: 1
  m_MotionVectors: 1
  m_LightProbeUsage: 1
  m_ReflectionProbeUsage: 1
  m_RenderingLayerMask: 1
  m_RendererPriority: 0
  m_Materials:
  - {fileID: 2100000, guid: 1eb463255cbc24348b494c04b151121d, type: 2}
  m_StaticBatchInfo:
    firstSubMesh: 0
    subMeshCount: 0
  m_StaticBatchRoot: {fileID: 0}
  m_ProbeAnchor: {fileID: 0}
  m_LightProbeVolumeOverride: {fileID: 0}
  m_ScaleInLightmap: 1
  m_PreserveUVs: 0
  m_IgnoreNormalsForChartDetection: 0
  m_ImportantGI: 0
  m_StitchLightmapSeams: 0
  m_SelectedEditorRenderState: 3
  m_MinimumChartSize: 4
  m_AutoUVMaxDistance: 0.5
  m_AutoUVMaxAngle: 89
  m_LightmapParameters: {fileID: 0}
  m_SortingLayerID: 0
  m_SortingLayer: 0
  m_SortingOrder: 0
--- !u!65 &8184495605913560752
BoxCollider:
  m_ObjectHideFlags: 0
  m_CorrespondingSourceObject: {fileID: 0}
  m_PrefabInstance: {fileID: 0}
  m_PrefabAsset: {fileID: 0}
  m_GameObject: {fileID: 602270608783039}
  m_Material: {fileID: 0}
  m_IsTrigger: 0
  m_Enabled: 1
  serializedVersion: 2
  m_Size: {x: 1, y: 1, z: 1}
  m_Center: {x: 0, y: 0, z: 0}
--- !u!1 &1972137986299804313
GameObject:
  m_ObjectHideFlags: 0
  m_CorrespondingSourceObject: {fileID: 0}
  m_PrefabInstance: {fileID: 0}
  m_PrefabAsset: {fileID: 0}
  serializedVersion: 6
  m_Component:
  - component: {fileID: 2011496843323642345}
  - component: {fileID: 6169581092327557512}
  - component: {fileID: 299720348784010276}
  - component: {fileID: 1913438383349061122}
  m_Layer: 0
  m_Name: Cube
  m_TagString: Untagged
  m_Icon: {fileID: 0}
  m_NavMeshLayer: 0
  m_StaticEditorFlags: 0
  m_IsActive: 1
--- !u!4 &2011496843323642345
Transform:
  m_ObjectHideFlags: 0
  m_CorrespondingSourceObject: {fileID: 0}
  m_PrefabInstance: {fileID: 0}
  m_PrefabAsset: {fileID: 0}
  m_GameObject: {fileID: 1972137986299804313}
  m_LocalRotation: {x: -0, y: -0, z: -0, w: 1}
  m_LocalPosition: {x: -0.38, y: 0.5, z: 0.18}
  m_LocalScale: {x: 1, y: 1, z: 1}
  m_Children: []
  m_Father: {fileID: 8275941402709365639}
  m_RootOrder: 0
  m_LocalEulerAnglesHint: {x: 0, y: 0, z: 0}
--- !u!33 &6169581092327557512
MeshFilter:
  m_ObjectHideFlags: 0
  m_CorrespondingSourceObject: {fileID: 0}
  m_PrefabInstance: {fileID: 0}
  m_PrefabAsset: {fileID: 0}
  m_GameObject: {fileID: 1972137986299804313}
  m_Mesh: {fileID: 10202, guid: 0000000000000000e000000000000000, type: 0}
--- !u!23 &299720348784010276
MeshRenderer:
  m_ObjectHideFlags: 0
  m_CorrespondingSourceObject: {fileID: 0}
  m_PrefabInstance: {fileID: 0}
  m_PrefabAsset: {fileID: 0}
  m_GameObject: {fileID: 1972137986299804313}
  m_Enabled: 1
  m_CastShadows: 1
  m_ReceiveShadows: 1
  m_DynamicOccludee: 1
  m_MotionVectors: 1
  m_LightProbeUsage: 1
  m_ReflectionProbeUsage: 1
  m_RenderingLayerMask: 1
  m_RendererPriority: 0
  m_Materials:
  - {fileID: 2100000, guid: 1eb463255cbc24348b494c04b151121d, type: 2}
  m_StaticBatchInfo:
    firstSubMesh: 0
    subMeshCount: 0
  m_StaticBatchRoot: {fileID: 0}
  m_ProbeAnchor: {fileID: 0}
  m_LightProbeVolumeOverride: {fileID: 0}
  m_ScaleInLightmap: 1
  m_PreserveUVs: 0
  m_IgnoreNormalsForChartDetection: 0
  m_ImportantGI: 0
  m_StitchLightmapSeams: 0
  m_SelectedEditorRenderState: 3
  m_MinimumChartSize: 4
  m_AutoUVMaxDistance: 0.5
  m_AutoUVMaxAngle: 89
  m_LightmapParameters: {fileID: 0}
  m_SortingLayerID: 0
  m_SortingLayer: 0
  m_SortingOrder: 0
--- !u!65 &1913438383349061122
BoxCollider:
  m_ObjectHideFlags: 0
  m_CorrespondingSourceObject: {fileID: 0}
  m_PrefabInstance: {fileID: 0}
  m_PrefabAsset: {fileID: 0}
  m_GameObject: {fileID: 1972137986299804313}
  m_Material: {fileID: 0}
  m_IsTrigger: 0
  m_Enabled: 1
  serializedVersion: 2
  m_Size: {x: 1, y: 1, z: 1}
  m_Center: {x: 0, y: 0, z: 0}
--- !u!1 &2361630966102761409
GameObject:
  m_ObjectHideFlags: 0
  m_CorrespondingSourceObject: {fileID: 0}
  m_PrefabInstance: {fileID: 0}
  m_PrefabAsset: {fileID: 0}
  serializedVersion: 6
  m_Component:
  - component: {fileID: 4668213927057788362}
  m_Layer: 0
  m_Name: SmallVis
  m_TagString: Untagged
  m_Icon: {fileID: 0}
  m_NavMeshLayer: 0
  m_StaticEditorFlags: 0
  m_IsActive: 1
--- !u!4 &4668213927057788362
Transform:
  m_ObjectHideFlags: 0
  m_CorrespondingSourceObject: {fileID: 0}
  m_PrefabInstance: {fileID: 0}
  m_PrefabAsset: {fileID: 0}
  m_GameObject: {fileID: 2361630966102761409}
  m_LocalRotation: {x: -0, y: -0, z: -0, w: 1}
  m_LocalPosition: {x: 0, y: 0, z: 0}
  m_LocalScale: {x: 0.3379142, y: 0.3379142, z: 0.3379142}
  m_Children:
  - {fileID: 6316287035361694580}
  - {fileID: 3199054784043673764}
  m_Father: {fileID: 4757459934814799447}
  m_RootOrder: 2
  m_LocalEulerAnglesHint: {x: 0, y: 0, z: 0}
--- !u!1 &2442279389704463158
GameObject:
  m_ObjectHideFlags: 0
  m_CorrespondingSourceObject: {fileID: 0}
  m_PrefabInstance: {fileID: 0}
  m_PrefabAsset: {fileID: 0}
  serializedVersion: 6
  m_Component:
  - component: {fileID: 4386331627796602559}
  - component: {fileID: 3008781416708951772}
  - component: {fileID: 1884862455441785078}
  - component: {fileID: 1171005222069128945}
  m_Layer: 0
  m_Name: Cube (1)
  m_TagString: Untagged
  m_Icon: {fileID: 0}
  m_NavMeshLayer: 0
  m_StaticEditorFlags: 0
  m_IsActive: 1
--- !u!4 &4386331627796602559
Transform:
  m_ObjectHideFlags: 0
  m_CorrespondingSourceObject: {fileID: 0}
  m_PrefabInstance: {fileID: 0}
  m_PrefabAsset: {fileID: 0}
  m_GameObject: {fileID: 2442279389704463158}
  m_LocalRotation: {x: -0, y: -0.207687, z: -0, w: 0.9781953}
  m_LocalPosition: {x: 0.88, y: 0.5, z: 0.44}
  m_LocalScale: {x: 1, y: 1, z: 1}
  m_Children: []
  m_Father: {fileID: 8275941402709365639}
  m_RootOrder: 1
  m_LocalEulerAnglesHint: {x: 0, y: -23.974, z: 0}
--- !u!33 &3008781416708951772
MeshFilter:
  m_ObjectHideFlags: 0
  m_CorrespondingSourceObject: {fileID: 0}
  m_PrefabInstance: {fileID: 0}
  m_PrefabAsset: {fileID: 0}
  m_GameObject: {fileID: 2442279389704463158}
  m_Mesh: {fileID: 10202, guid: 0000000000000000e000000000000000, type: 0}
--- !u!23 &1884862455441785078
MeshRenderer:
  m_ObjectHideFlags: 0
  m_CorrespondingSourceObject: {fileID: 0}
  m_PrefabInstance: {fileID: 0}
  m_PrefabAsset: {fileID: 0}
  m_GameObject: {fileID: 2442279389704463158}
  m_Enabled: 1
  m_CastShadows: 1
  m_ReceiveShadows: 1
  m_DynamicOccludee: 1
  m_MotionVectors: 1
  m_LightProbeUsage: 1
  m_ReflectionProbeUsage: 1
  m_RenderingLayerMask: 1
  m_RendererPriority: 0
  m_Materials:
  - {fileID: 2100000, guid: 1eb463255cbc24348b494c04b151121d, type: 2}
  m_StaticBatchInfo:
    firstSubMesh: 0
    subMeshCount: 0
  m_StaticBatchRoot: {fileID: 0}
  m_ProbeAnchor: {fileID: 0}
  m_LightProbeVolumeOverride: {fileID: 0}
  m_ScaleInLightmap: 1
  m_PreserveUVs: 0
  m_IgnoreNormalsForChartDetection: 0
  m_ImportantGI: 0
  m_StitchLightmapSeams: 0
  m_SelectedEditorRenderState: 3
  m_MinimumChartSize: 4
  m_AutoUVMaxDistance: 0.5
  m_AutoUVMaxAngle: 89
  m_LightmapParameters: {fileID: 0}
  m_SortingLayerID: 0
  m_SortingLayer: 0
  m_SortingOrder: 0
--- !u!65 &1171005222069128945
BoxCollider:
  m_ObjectHideFlags: 0
  m_CorrespondingSourceObject: {fileID: 0}
  m_PrefabInstance: {fileID: 0}
  m_PrefabAsset: {fileID: 0}
  m_GameObject: {fileID: 2442279389704463158}
  m_Material: {fileID: 0}
  m_IsTrigger: 0
  m_Enabled: 1
  serializedVersion: 2
  m_Size: {x: 1, y: 1, z: 1}
  m_Center: {x: 0, y: 0, z: 0}
--- !u!1 &3640798603057976508
GameObject:
  m_ObjectHideFlags: 0
  m_CorrespondingSourceObject: {fileID: 0}
  m_PrefabInstance: {fileID: 0}
  m_PrefabAsset: {fileID: 0}
  serializedVersion: 6
  m_Component:
  - component: {fileID: 4757459934814799447}
  m_Layer: 0
  m_Name: Visual
  m_TagString: Untagged
  m_Icon: {fileID: 0}
  m_NavMeshLayer: 0
  m_StaticEditorFlags: 0
  m_IsActive: 1
--- !u!4 &4757459934814799447
Transform:
  m_ObjectHideFlags: 0
  m_CorrespondingSourceObject: {fileID: 0}
  m_PrefabInstance: {fileID: 0}
  m_PrefabAsset: {fileID: 0}
  m_GameObject: {fileID: 3640798603057976508}
  m_LocalRotation: {x: 0, y: 0, z: 0, w: 1}
  m_LocalPosition: {x: 0, y: 0.079, z: 0.11900002}
  m_LocalScale: {x: 1, y: 1, z: 1}
  m_Children:
  - {fileID: 8889505296644931920}
  - {fileID: 8275941402709365639}
  - {fileID: 4668213927057788362}
  m_Father: {fileID: 8291029542399081182}
  m_RootOrder: 1
  m_LocalEulerAnglesHint: {x: 0, y: 0, z: 0}
--- !u!1 &4903022337224673989
GameObject:
  m_ObjectHideFlags: 0
  m_CorrespondingSourceObject: {fileID: 0}
  m_PrefabInstance: {fileID: 0}
  m_PrefabAsset: {fileID: 0}
  serializedVersion: 6
  m_Component:
  - component: {fileID: 3199054784043673764}
  - component: {fileID: 8015866067349237687}
  - component: {fileID: 6993490345064116263}
  - component: {fileID: 8221239267323765932}
  m_Layer: 0
  m_Name: Cube (3)
  m_TagString: Untagged
  m_Icon: {fileID: 0}
  m_NavMeshLayer: 0
  m_StaticEditorFlags: 0
  m_IsActive: 1
--- !u!4 &3199054784043673764
Transform:
  m_ObjectHideFlags: 0
  m_CorrespondingSourceObject: {fileID: 0}
  m_PrefabInstance: {fileID: 0}
  m_PrefabAsset: {fileID: 0}
  m_GameObject: {fileID: 4903022337224673989}
  m_LocalRotation: {x: -0, y: 0.13250086, z: -0, w: 0.9911829}
  m_LocalPosition: {x: -0.01999998, y: 0.5, z: -0.96}
  m_LocalScale: {x: 1, y: 1, z: 1}
  m_Children: []
  m_Father: {fileID: 4668213927057788362}
  m_RootOrder: 1
  m_LocalEulerAnglesHint: {x: 0, y: 15.228001, z: 0}
--- !u!33 &8015866067349237687
MeshFilter:
  m_ObjectHideFlags: 0
  m_CorrespondingSourceObject: {fileID: 0}
  m_PrefabInstance: {fileID: 0}
  m_PrefabAsset: {fileID: 0}
  m_GameObject: {fileID: 4903022337224673989}
  m_Mesh: {fileID: 10202, guid: 0000000000000000e000000000000000, type: 0}
--- !u!23 &6993490345064116263
MeshRenderer:
  m_ObjectHideFlags: 0
  m_CorrespondingSourceObject: {fileID: 0}
  m_PrefabInstance: {fileID: 0}
  m_PrefabAsset: {fileID: 0}
  m_GameObject: {fileID: 4903022337224673989}
  m_Enabled: 1
  m_CastShadows: 1
  m_ReceiveShadows: 1
  m_DynamicOccludee: 1
  m_MotionVectors: 1
  m_LightProbeUsage: 1
  m_ReflectionProbeUsage: 1
  m_RenderingLayerMask: 1
  m_RendererPriority: 0
  m_Materials:
  - {fileID: 2100000, guid: 1eb463255cbc24348b494c04b151121d, type: 2}
  m_StaticBatchInfo:
    firstSubMesh: 0
    subMeshCount: 0
  m_StaticBatchRoot: {fileID: 0}
  m_ProbeAnchor: {fileID: 0}
  m_LightProbeVolumeOverride: {fileID: 0}
  m_ScaleInLightmap: 1
  m_PreserveUVs: 0
  m_IgnoreNormalsForChartDetection: 0
  m_ImportantGI: 0
  m_StitchLightmapSeams: 0
  m_SelectedEditorRenderState: 3
  m_MinimumChartSize: 4
  m_AutoUVMaxDistance: 0.5
  m_AutoUVMaxAngle: 89
  m_LightmapParameters: {fileID: 0}
  m_SortingLayerID: 0
  m_SortingLayer: 0
  m_SortingOrder: 0
--- !u!65 &8221239267323765932
BoxCollider:
  m_ObjectHideFlags: 0
  m_CorrespondingSourceObject: {fileID: 0}
  m_PrefabInstance: {fileID: 0}
  m_PrefabAsset: {fileID: 0}
  m_GameObject: {fileID: 4903022337224673989}
  m_Material: {fileID: 0}
  m_IsTrigger: 0
  m_Enabled: 1
  serializedVersion: 2
  m_Size: {x: 1, y: 1, z: 1}
  m_Center: {x: 0, y: 0, z: 0}
--- !u!1 &5228165490655351319
GameObject:
  m_ObjectHideFlags: 0
  m_CorrespondingSourceObject: {fileID: 0}
  m_PrefabInstance: {fileID: 0}
  m_PrefabAsset: {fileID: 0}
  serializedVersion: 6
  m_Component:
  - component: {fileID: 6316287035361694580}
  - component: {fileID: 5472657826083659087}
  - component: {fileID: 5483448149686062542}
  - component: {fileID: 9199332737835377405}
  m_Layer: 0
  m_Name: Cube
  m_TagString: Untagged
  m_Icon: {fileID: 0}
  m_NavMeshLayer: 0
  m_StaticEditorFlags: 0
  m_IsActive: 1
--- !u!4 &6316287035361694580
Transform:
  m_ObjectHideFlags: 0
  m_CorrespondingSourceObject: {fileID: 0}
  m_PrefabInstance: {fileID: 0}
  m_PrefabAsset: {fileID: 0}
  m_GameObject: {fileID: 5228165490655351319}
  m_LocalRotation: {x: -0, y: -0, z: -0, w: 1}
  m_LocalPosition: {x: -0.38, y: 0.5, z: 0.18}
  m_LocalScale: {x: 1, y: 1, z: 1}
  m_Children: []
  m_Father: {fileID: 4668213927057788362}
  m_RootOrder: 0
  m_LocalEulerAnglesHint: {x: 0, y: 0, z: 0}
--- !u!33 &5472657826083659087
MeshFilter:
  m_ObjectHideFlags: 0
  m_CorrespondingSourceObject: {fileID: 0}
  m_PrefabInstance: {fileID: 0}
  m_PrefabAsset: {fileID: 0}
  m_GameObject: {fileID: 5228165490655351319}
  m_Mesh: {fileID: 10202, guid: 0000000000000000e000000000000000, type: 0}
--- !u!23 &5483448149686062542
MeshRenderer:
  m_ObjectHideFlags: 0
  m_CorrespondingSourceObject: {fileID: 0}
  m_PrefabInstance: {fileID: 0}
  m_PrefabAsset: {fileID: 0}
  m_GameObject: {fileID: 5228165490655351319}
  m_Enabled: 1
  m_CastShadows: 1
  m_ReceiveShadows: 1
  m_DynamicOccludee: 1
  m_MotionVectors: 1
  m_LightProbeUsage: 1
  m_ReflectionProbeUsage: 1
  m_RenderingLayerMask: 1
  m_RendererPriority: 0
  m_Materials:
  - {fileID: 2100000, guid: 1eb463255cbc24348b494c04b151121d, type: 2}
  m_StaticBatchInfo:
    firstSubMesh: 0
    subMeshCount: 0
  m_StaticBatchRoot: {fileID: 0}
  m_ProbeAnchor: {fileID: 0}
  m_LightProbeVolumeOverride: {fileID: 0}
  m_ScaleInLightmap: 1
  m_PreserveUVs: 0
  m_IgnoreNormalsForChartDetection: 0
  m_ImportantGI: 0
  m_StitchLightmapSeams: 0
  m_SelectedEditorRenderState: 3
  m_MinimumChartSize: 4
  m_AutoUVMaxDistance: 0.5
  m_AutoUVMaxAngle: 89
  m_LightmapParameters: {fileID: 0}
  m_SortingLayerID: 0
  m_SortingLayer: 0
  m_SortingOrder: 0
--- !u!65 &9199332737835377405
BoxCollider:
  m_ObjectHideFlags: 0
  m_CorrespondingSourceObject: {fileID: 0}
  m_PrefabInstance: {fileID: 0}
  m_PrefabAsset: {fileID: 0}
  m_GameObject: {fileID: 5228165490655351319}
  m_Material: {fileID: 0}
  m_IsTrigger: 0
  m_Enabled: 1
  serializedVersion: 2
  m_Size: {x: 1, y: 1, z: 1}
  m_Center: {x: 0, y: 0, z: 0}
--- !u!1 &5367384596536913363
GameObject:
  m_ObjectHideFlags: 0
  m_CorrespondingSourceObject: {fileID: 0}
  m_PrefabInstance: {fileID: 0}
  m_PrefabAsset: {fileID: 0}
  serializedVersion: 6
  m_Component:
  - component: {fileID: 5212276172637413165}
  - component: {fileID: 119151091090700379}
  - component: {fileID: 6841846976118969111}
  - component: {fileID: 18030057000514318}
  m_Layer: 0
  m_Name: Cube (2)
  m_TagString: Untagged
  m_Icon: {fileID: 0}
  m_NavMeshLayer: 0
  m_StaticEditorFlags: 0
  m_IsActive: 1
--- !u!4 &5212276172637413165
Transform:
  m_ObjectHideFlags: 0
  m_CorrespondingSourceObject: {fileID: 0}
  m_PrefabInstance: {fileID: 0}
  m_PrefabAsset: {fileID: 0}
  m_GameObject: {fileID: 5367384596536913363}
  m_LocalRotation: {x: -3.248183e-18, y: -0.49289644, z: -0.000000058757827, w: 0.870088}
  m_LocalPosition: {x: 0.14700001, y: 1.589, z: 0.18}
  m_LocalScale: {x: 1, y: 1, z: 1}
  m_Children: []
  m_Father: {fileID: 8275941402709365639}
  m_RootOrder: 2
  m_LocalEulerAnglesHint: {x: 0, y: -59.062004, z: 0}
--- !u!33 &119151091090700379
MeshFilter:
  m_ObjectHideFlags: 0
  m_CorrespondingSourceObject: {fileID: 0}
  m_PrefabInstance: {fileID: 0}
  m_PrefabAsset: {fileID: 0}
  m_GameObject: {fileID: 5367384596536913363}
  m_Mesh: {fileID: 10202, guid: 0000000000000000e000000000000000, type: 0}
--- !u!23 &6841846976118969111
MeshRenderer:
  m_ObjectHideFlags: 0
  m_CorrespondingSourceObject: {fileID: 0}
  m_PrefabInstance: {fileID: 0}
  m_PrefabAsset: {fileID: 0}
  m_GameObject: {fileID: 5367384596536913363}
  m_Enabled: 1
  m_CastShadows: 1
  m_ReceiveShadows: 1
  m_DynamicOccludee: 1
  m_MotionVectors: 1
  m_LightProbeUsage: 1
  m_ReflectionProbeUsage: 1
  m_RenderingLayerMask: 1
  m_RendererPriority: 0
  m_Materials:
  - {fileID: 2100000, guid: 1eb463255cbc24348b494c04b151121d, type: 2}
  m_StaticBatchInfo:
    firstSubMesh: 0
    subMeshCount: 0
  m_StaticBatchRoot: {fileID: 0}
  m_ProbeAnchor: {fileID: 0}
  m_LightProbeVolumeOverride: {fileID: 0}
  m_ScaleInLightmap: 1
  m_PreserveUVs: 0
  m_IgnoreNormalsForChartDetection: 0
  m_ImportantGI: 0
  m_StitchLightmapSeams: 0
  m_SelectedEditorRenderState: 3
  m_MinimumChartSize: 4
  m_AutoUVMaxDistance: 0.5
  m_AutoUVMaxAngle: 89
  m_LightmapParameters: {fileID: 0}
  m_SortingLayerID: 0
  m_SortingLayer: 0
  m_SortingOrder: 0
--- !u!65 &18030057000514318
BoxCollider:
  m_ObjectHideFlags: 0
  m_CorrespondingSourceObject: {fileID: 0}
  m_PrefabInstance: {fileID: 0}
  m_PrefabAsset: {fileID: 0}
  m_GameObject: {fileID: 5367384596536913363}
  m_Material: {fileID: 0}
  m_IsTrigger: 0
  m_Enabled: 1
  serializedVersion: 2
  m_Size: {x: 1, y: 1, z: 1}
  m_Center: {x: 0, y: 0, z: 0}
--- !u!1 &5701206539919761582
GameObject:
  m_ObjectHideFlags: 0
  m_CorrespondingSourceObject: {fileID: 0}
  m_PrefabInstance: {fileID: 0}
  m_PrefabAsset: {fileID: 0}
  serializedVersion: 6
  m_Component:
  - component: {fileID: 8275941402709365639}
  m_Layer: 0
  m_Name: BigVis
  m_TagString: Untagged
  m_Icon: {fileID: 0}
  m_NavMeshLayer: 0
  m_StaticEditorFlags: 0
  m_IsActive: 1
--- !u!4 &8275941402709365639
Transform:
  m_ObjectHideFlags: 0
  m_CorrespondingSourceObject: {fileID: 0}
  m_PrefabInstance: {fileID: 0}
  m_PrefabAsset: {fileID: 0}
  m_GameObject: {fileID: 5701206539919761582}
  m_LocalRotation: {x: -0, y: -0, z: -0, w: 1}
  m_LocalPosition: {x: 0, y: 0, z: 0}
  m_LocalScale: {x: 0.3379142, y: 0.3379142, z: 0.3379142}
  m_Children:
  - {fileID: 2011496843323642345}
  - {fileID: 4386331627796602559}
  - {fileID: 5212276172637413165}
  - {fileID: 936784809190531519}
  m_Father: {fileID: 4757459934814799447}
  m_RootOrder: 1
  m_LocalEulerAnglesHint: {x: 0, y: 0, z: 0}
--- !u!1 &8557220913186548059
GameObject:
  m_ObjectHideFlags: 0
  m_CorrespondingSourceObject: {fileID: 0}
  m_PrefabInstance: {fileID: 0}
  m_PrefabAsset: {fileID: 0}
  serializedVersion: 6
  m_Component:
  - component: {fileID: 8291029542399081182}
  - component: {fileID: 2770188827637843881}
  - component: {fileID: 3880179953803704237}
  m_Layer: 0
  m_Name: AmmoBox
  m_TagString: Untagged
  m_Icon: {fileID: 0}
  m_NavMeshLayer: 0
  m_StaticEditorFlags: 0
  m_IsActive: 1
--- !u!4 &8291029542399081182
Transform:
  m_ObjectHideFlags: 0
  m_CorrespondingSourceObject: {fileID: 0}
  m_PrefabInstance: {fileID: 0}
  m_PrefabAsset: {fileID: 0}
  m_GameObject: {fileID: 8557220913186548059}
  m_LocalRotation: {x: 0, y: 0, z: 0, w: 1}
  m_LocalPosition: {x: 0.5, y: 0, z: 0.5}
  m_LocalScale: {x: 1, y: 1, z: 1}
  m_Children:
  - {fileID: 3396050293805173317}
  - {fileID: 4757459934814799447}
  - {fileID: 4044447349139022600}
  - {fileID: 5275660343465952883}
  m_Father: {fileID: 0}
  m_RootOrder: 0
  m_LocalEulerAnglesHint: {x: 0, y: 0, z: 0}
--- !u!114 &2770188827637843881
MonoBehaviour:
  m_ObjectHideFlags: 0
  m_CorrespondingSourceObject: {fileID: 0}
  m_PrefabInstance: {fileID: 0}
  m_PrefabAsset: {fileID: 0}
  m_GameObject: {fileID: 8557220913186548059}
  m_Enabled: 1
  m_EditorHideFlags: 0
  m_Script: {fileID: 11500000, guid: 3058a6b2192e52844b03051777325f2f, type: 3}
  m_Name: 
  m_EditorClassIdentifier: 
  hasCompletedItsPurpose: 0
  baseHpToCashMult: 0.334
  baseHPPool: 20
  blastRadiusTrans: {fileID: 1455935645852033394}
  inboundDamages: []
  ammoRef: {fileID: 3880179953803704237}
  scalableVisuals: {fileID: 4757459934814799447}
  targetObject: {fileID: 740252968393480093}
  deathParticle: {fileID: 7257994424316809242}
  bigHitParticle: {fileID: 7257994424316809242}
  hitParticle: {fileID: 5275660343447601971}
--- !u!114 &3880179953803704237
MonoBehaviour:
  m_ObjectHideFlags: 0
  m_CorrespondingSourceObject: {fileID: 0}
  m_PrefabInstance: {fileID: 0}
  m_PrefabAsset: {fileID: 0}
  m_GameObject: {fileID: 8557220913186548059}
  m_Enabled: 1
  m_EditorHideFlags: 0
  m_Script: {fileID: 11500000, guid: b38c257c8ddf42e4d9ccc059180044d0, type: 3}
  m_Name: 
  m_EditorClassIdentifier: 
  ammoCount: 0
  bigVisual: {fileID: 5701206539919761582}
  smallVisual: {fileID: 2361630966102761409}
--- !u!1001 &3325141573020324242
PrefabInstance:
  m_ObjectHideFlags: 0
  serializedVersion: 2
  m_Modification:
    m_TransformParent: {fileID: 8291029542399081182}
    m_Modifications:
    - target: {fileID: 8084893205766375170, guid: 7db2cd87e2d55fe4883795413388ab1a,
        type: 3}
      propertyPath: m_Name
      value: HPCanvas
      objectReference: {fileID: 0}
    - target: {fileID: 73314453509954519, guid: 7db2cd87e2d55fe4883795413388ab1a,
        type: 3}
      propertyPath: m_LocalPosition.x
      value: 0
      objectReference: {fileID: 0}
    - target: {fileID: 73314453509954519, guid: 7db2cd87e2d55fe4883795413388ab1a,
        type: 3}
      propertyPath: m_LocalPosition.y
      value: 0
      objectReference: {fileID: 0}
    - target: {fileID: 73314453509954519, guid: 7db2cd87e2d55fe4883795413388ab1a,
        type: 3}
      propertyPath: m_LocalPosition.z
      value: 0.12
      objectReference: {fileID: 0}
    - target: {fileID: 73314453509954519, guid: 7db2cd87e2d55fe4883795413388ab1a,
        type: 3}
      propertyPath: m_LocalRotation.x
      value: 0.7071068
      objectReference: {fileID: 0}
    - target: {fileID: 73314453509954519, guid: 7db2cd87e2d55fe4883795413388ab1a,
        type: 3}
      propertyPath: m_LocalRotation.y
      value: 0
      objectReference: {fileID: 0}
    - target: {fileID: 73314453509954519, guid: 7db2cd87e2d55fe4883795413388ab1a,
        type: 3}
      propertyPath: m_LocalRotation.z
      value: 0
      objectReference: {fileID: 0}
    - target: {fileID: 73314453509954519, guid: 7db2cd87e2d55fe4883795413388ab1a,
        type: 3}
      propertyPath: m_LocalRotation.w
      value: 0.7071068
      objectReference: {fileID: 0}
    - target: {fileID: 73314453509954519, guid: 7db2cd87e2d55fe4883795413388ab1a,
        type: 3}
      propertyPath: m_RootOrder
      value: 0
      objectReference: {fileID: 0}
    - target: {fileID: 73314453509954519, guid: 7db2cd87e2d55fe4883795413388ab1a,
        type: 3}
      propertyPath: m_LocalEulerAnglesHint.x
      value: 90
      objectReference: {fileID: 0}
    - target: {fileID: 73314453509954519, guid: 7db2cd87e2d55fe4883795413388ab1a,
        type: 3}
      propertyPath: m_LocalEulerAnglesHint.y
      value: 0
      objectReference: {fileID: 0}
    - target: {fileID: 73314453509954519, guid: 7db2cd87e2d55fe4883795413388ab1a,
        type: 3}
      propertyPath: m_LocalEulerAnglesHint.z
      value: 0
      objectReference: {fileID: 0}
    - target: {fileID: 73314453509954519, guid: 7db2cd87e2d55fe4883795413388ab1a,
        type: 3}
      propertyPath: m_AnchoredPosition.x
      value: 0
      objectReference: {fileID: 0}
    - target: {fileID: 73314453509954519, guid: 7db2cd87e2d55fe4883795413388ab1a,
        type: 3}
      propertyPath: m_AnchoredPosition.y
      value: 0.26
      objectReference: {fileID: 0}
    - target: {fileID: 73314453509954519, guid: 7db2cd87e2d55fe4883795413388ab1a,
        type: 3}
      propertyPath: m_SizeDelta.x
      value: 200
      objectReference: {fileID: 0}
    - target: {fileID: 73314453509954519, guid: 7db2cd87e2d55fe4883795413388ab1a,
        type: 3}
      propertyPath: m_SizeDelta.y
      value: 200
      objectReference: {fileID: 0}
    - target: {fileID: 73314453509954519, guid: 7db2cd87e2d55fe4883795413388ab1a,
        type: 3}
      propertyPath: m_AnchorMin.x
      value: 0
      objectReference: {fileID: 0}
    - target: {fileID: 73314453509954519, guid: 7db2cd87e2d55fe4883795413388ab1a,
        type: 3}
      propertyPath: m_AnchorMin.y
      value: 0
      objectReference: {fileID: 0}
    - target: {fileID: 73314453509954519, guid: 7db2cd87e2d55fe4883795413388ab1a,
        type: 3}
      propertyPath: m_AnchorMax.x
      value: 0
      objectReference: {fileID: 0}
    - target: {fileID: 73314453509954519, guid: 7db2cd87e2d55fe4883795413388ab1a,
        type: 3}
      propertyPath: m_AnchorMax.y
      value: 0
      objectReference: {fileID: 0}
    - target: {fileID: 73314453509954519, guid: 7db2cd87e2d55fe4883795413388ab1a,
        type: 3}
      propertyPath: m_Pivot.x
      value: 0.5
      objectReference: {fileID: 0}
    - target: {fileID: 73314453509954519, guid: 7db2cd87e2d55fe4883795413388ab1a,
        type: 3}
      propertyPath: m_Pivot.y
      value: 0.5
      objectReference: {fileID: 0}
    - target: {fileID: 1022347670106296371, guid: 7db2cd87e2d55fe4883795413388ab1a,
        type: 3}
      propertyPath: m_IsActive
      value: 1
      objectReference: {fileID: 0}
    m_RemovedComponents: []
  m_SourcePrefab: {fileID: 100100000, guid: 7db2cd87e2d55fe4883795413388ab1a, type: 3}
--- !u!224 &3396050293805173317 stripped
RectTransform:
  m_CorrespondingSourceObject: {fileID: 73314453509954519, guid: 7db2cd87e2d55fe4883795413388ab1a,
    type: 3}
  m_PrefabInstance: {fileID: 3325141573020324242}
  m_PrefabAsset: {fileID: 0}
--- !u!1001 &4024725902288611220
PrefabInstance:
  m_ObjectHideFlags: 0
  serializedVersion: 2
  m_Modification:
    m_TransformParent: {fileID: 8291029542399081182}
    m_Modifications:
    - target: {fileID: 3229866831930684438, guid: 8be4ab11f85ce8a4c8c1608529574c42,
        type: 3}
      propertyPath: m_Name
      value: hitBig
      objectReference: {fileID: 0}
    - target: {fileID: 1151357508809016476, guid: 8be4ab11f85ce8a4c8c1608529574c42,
        type: 3}
      propertyPath: m_LocalPosition.x
      value: 0
      objectReference: {fileID: 0}
    - target: {fileID: 1151357508809016476, guid: 8be4ab11f85ce8a4c8c1608529574c42,
        type: 3}
      propertyPath: m_LocalPosition.y
      value: 0.69
      objectReference: {fileID: 0}
    - target: {fileID: 1151357508809016476, guid: 8be4ab11f85ce8a4c8c1608529574c42,
        type: 3}
      propertyPath: m_LocalPosition.z
      value: 0
      objectReference: {fileID: 0}
    - target: {fileID: 1151357508809016476, guid: 8be4ab11f85ce8a4c8c1608529574c42,
        type: 3}
      propertyPath: m_LocalRotation.x
      value: 0
      objectReference: {fileID: 0}
    - target: {fileID: 1151357508809016476, guid: 8be4ab11f85ce8a4c8c1608529574c42,
        type: 3}
      propertyPath: m_LocalRotation.y
      value: 0
      objectReference: {fileID: 0}
    - target: {fileID: 1151357508809016476, guid: 8be4ab11f85ce8a4c8c1608529574c42,
        type: 3}
      propertyPath: m_LocalRotation.z
      value: 0
      objectReference: {fileID: 0}
    - target: {fileID: 1151357508809016476, guid: 8be4ab11f85ce8a4c8c1608529574c42,
        type: 3}
      propertyPath: m_LocalRotation.w
      value: 1
      objectReference: {fileID: 0}
    - target: {fileID: 1151357508809016476, guid: 8be4ab11f85ce8a4c8c1608529574c42,
        type: 3}
      propertyPath: m_RootOrder
      value: 2
      objectReference: {fileID: 0}
    - target: {fileID: 1151357508809016476, guid: 8be4ab11f85ce8a4c8c1608529574c42,
        type: 3}
      propertyPath: m_LocalEulerAnglesHint.x
      value: 0
      objectReference: {fileID: 0}
    - target: {fileID: 1151357508809016476, guid: 8be4ab11f85ce8a4c8c1608529574c42,
        type: 3}
      propertyPath: m_LocalEulerAnglesHint.y
      value: 0
      objectReference: {fileID: 0}
    - target: {fileID: 1151357508809016476, guid: 8be4ab11f85ce8a4c8c1608529574c42,
        type: 3}
      propertyPath: m_LocalEulerAnglesHint.z
      value: 0
      objectReference: {fileID: 0}
    m_RemovedComponents: []
  m_SourcePrefab: {fileID: 100100000, guid: 8be4ab11f85ce8a4c8c1608529574c42, type: 3}
--- !u!4 &4044447349139022600 stripped
Transform:
  m_CorrespondingSourceObject: {fileID: 1151357508809016476, guid: 8be4ab11f85ce8a4c8c1608529574c42,
    type: 3}
  m_PrefabInstance: {fileID: 4024725902288611220}
  m_PrefabAsset: {fileID: 0}
--- !u!198 &7257994424316809242 stripped
ParticleSystem:
  m_CorrespondingSourceObject: {fileID: 6008683278235776910, guid: 8be4ab11f85ce8a4c8c1608529574c42,
    type: 3}
  m_PrefabInstance: {fileID: 4024725902288611220}
  m_PrefabAsset: {fileID: 0}
--- !u!1001 &6595225724205412317
PrefabInstance:
  m_ObjectHideFlags: 0
  serializedVersion: 2
  m_Modification:
    m_TransformParent: {fileID: 8291029542399081182}
    m_Modifications:
    - target: {fileID: 1346607053957297550, guid: e40d71756d2805341aa609bcb0f581ea,
        type: 3}
      propertyPath: m_Name
      value: hitSmall
      objectReference: {fileID: 0}
    - target: {fileID: 1346607053957720494, guid: e40d71756d2805341aa609bcb0f581ea,
        type: 3}
      propertyPath: m_LocalPosition.x
      value: 0
      objectReference: {fileID: 0}
    - target: {fileID: 1346607053957720494, guid: e40d71756d2805341aa609bcb0f581ea,
        type: 3}
      propertyPath: m_LocalPosition.y
      value: 1
      objectReference: {fileID: 0}
    - target: {fileID: 1346607053957720494, guid: e40d71756d2805341aa609bcb0f581ea,
        type: 3}
      propertyPath: m_LocalPosition.z
      value: 0
      objectReference: {fileID: 0}
    - target: {fileID: 1346607053957720494, guid: e40d71756d2805341aa609bcb0f581ea,
        type: 3}
      propertyPath: m_LocalRotation.x
      value: 0
      objectReference: {fileID: 0}
    - target: {fileID: 1346607053957720494, guid: e40d71756d2805341aa609bcb0f581ea,
        type: 3}
      propertyPath: m_LocalRotation.y
      value: 0
      objectReference: {fileID: 0}
    - target: {fileID: 1346607053957720494, guid: e40d71756d2805341aa609bcb0f581ea,
        type: 3}
      propertyPath: m_LocalRotation.z
      value: 0
      objectReference: {fileID: 0}
    - target: {fileID: 1346607053957720494, guid: e40d71756d2805341aa609bcb0f581ea,
        type: 3}
      propertyPath: m_LocalRotation.w
      value: 1
      objectReference: {fileID: 0}
    - target: {fileID: 1346607053957720494, guid: e40d71756d2805341aa609bcb0f581ea,
        type: 3}
      propertyPath: m_RootOrder
      value: 3
      objectReference: {fileID: 0}
    - target: {fileID: 1346607053957720494, guid: e40d71756d2805341aa609bcb0f581ea,
        type: 3}
      propertyPath: m_LocalEulerAnglesHint.x
      value: 0
      objectReference: {fileID: 0}
    - target: {fileID: 1346607053957720494, guid: e40d71756d2805341aa609bcb0f581ea,
        type: 3}
      propertyPath: m_LocalEulerAnglesHint.y
      value: 0
      objectReference: {fileID: 0}
    - target: {fileID: 1346607053957720494, guid: e40d71756d2805341aa609bcb0f581ea,
        type: 3}
      propertyPath: m_LocalEulerAnglesHint.z
      value: 0
      objectReference: {fileID: 0}
    - target: {fileID: 1346607053957720494, guid: e40d71756d2805341aa609bcb0f581ea,
        type: 3}
      propertyPath: m_LocalScale.x
      value: 1.4536
      objectReference: {fileID: 0}
    - target: {fileID: 1346607053957720494, guid: e40d71756d2805341aa609bcb0f581ea,
        type: 3}
      propertyPath: m_LocalScale.y
      value: 1.4536
      objectReference: {fileID: 0}
    - target: {fileID: 1346607053957720494, guid: e40d71756d2805341aa609bcb0f581ea,
        type: 3}
      propertyPath: m_LocalScale.z
      value: 1.4536
      objectReference: {fileID: 0}
    m_RemovedComponents: []
  m_SourcePrefab: {fileID: 100100000, guid: e40d71756d2805341aa609bcb0f581ea, type: 3}
--- !u!4 &5275660343465952883 stripped
Transform:
  m_CorrespondingSourceObject: {fileID: 1346607053957720494, guid: e40d71756d2805341aa609bcb0f581ea,
    type: 3}
  m_PrefabInstance: {fileID: 6595225724205412317}
  m_PrefabAsset: {fileID: 0}
--- !u!198 &5275660343447601971 stripped
ParticleSystem:
  m_CorrespondingSourceObject: {fileID: 1346607053938322670, guid: e40d71756d2805341aa609bcb0f581ea,
    type: 3}
  m_PrefabInstance: {fileID: 6595225724205412317}
  m_PrefabAsset: {fileID: 0}
--- !u!1001 &8135129264306511417
PrefabInstance:
  m_ObjectHideFlags: 0
  serializedVersion: 2
  m_Modification:
    m_TransformParent: {fileID: 4757459934814799447}
    m_Modifications:
    - target: {fileID: 8819573534562424141, guid: b369006c4329cc643b25204744ae2f58,
        type: 3}
      propertyPath: m_Name
      value: Targetting
      objectReference: {fileID: 0}
    - target: {fileID: 7264672574054416203, guid: b369006c4329cc643b25204744ae2f58,
        type: 3}
      propertyPath: m_LocalPosition.y
      value: 1.37
      objectReference: {fileID: 0}
    - target: {fileID: 4775240147104415783, guid: b369006c4329cc643b25204744ae2f58,
        type: 3}
      propertyPath: m_LocalPosition.y
      value: 1.3699994
      objectReference: {fileID: 0}
    - target: {fileID: 844448024903442281, guid: b369006c4329cc643b25204744ae2f58,
        type: 3}
      propertyPath: m_LocalPosition.x
      value: 0.06300002
      objectReference: {fileID: 0}
    - target: {fileID: 844448024903442281, guid: b369006c4329cc643b25204744ae2f58,
        type: 3}
      propertyPath: m_LocalPosition.y
      value: 0.009999998
      objectReference: {fileID: 0}
    - target: {fileID: 844448024903442281, guid: b369006c4329cc643b25204744ae2f58,
        type: 3}
      propertyPath: m_LocalPosition.z
      value: 0.059000015
      objectReference: {fileID: 0}
    - target: {fileID: 844448024903442281, guid: b369006c4329cc643b25204744ae2f58,
        type: 3}
      propertyPath: m_LocalRotation.x
      value: 0
      objectReference: {fileID: 0}
    - target: {fileID: 844448024903442281, guid: b369006c4329cc643b25204744ae2f58,
        type: 3}
      propertyPath: m_LocalRotation.y
      value: 0
      objectReference: {fileID: 0}
    - target: {fileID: 844448024903442281, guid: b369006c4329cc643b25204744ae2f58,
        type: 3}
      propertyPath: m_LocalRotation.z
      value: 0
      objectReference: {fileID: 0}
    - target: {fileID: 844448024903442281, guid: b369006c4329cc643b25204744ae2f58,
        type: 3}
      propertyPath: m_LocalRotation.w
      value: 1
      objectReference: {fileID: 0}
    - target: {fileID: 844448024903442281, guid: b369006c4329cc643b25204744ae2f58,
        type: 3}
      propertyPath: m_RootOrder
      value: 0
      objectReference: {fileID: 0}
    - target: {fileID: 844448024903442281, guid: b369006c4329cc643b25204744ae2f58,
        type: 3}
      propertyPath: m_LocalEulerAnglesHint.x
      value: 0
      objectReference: {fileID: 0}
    - target: {fileID: 844448024903442281, guid: b369006c4329cc643b25204744ae2f58,
        type: 3}
      propertyPath: m_LocalEulerAnglesHint.y
      value: 0
      objectReference: {fileID: 0}
    - target: {fileID: 844448024903442281, guid: b369006c4329cc643b25204744ae2f58,
        type: 3}
      propertyPath: m_LocalEulerAnglesHint.z
      value: 0
      objectReference: {fileID: 0}
    m_RemovedComponents: []
  m_SourcePrefab: {fileID: 100100000, guid: b369006c4329cc643b25204744ae2f58, type: 3}
--- !u!4 &8889505296644931920 stripped
Transform:
  m_CorrespondingSourceObject: {fileID: 844448024903442281, guid: b369006c4329cc643b25204744ae2f58,
    type: 3}
  m_PrefabInstance: {fileID: 8135129264306511417}
  m_PrefabAsset: {fileID: 0}
--- !u!4 &1455935645852033394 stripped
Transform:
  m_CorrespondingSourceObject: {fileID: 7264672574054416203, guid: b369006c4329cc643b25204744ae2f58,
    type: 3}
  m_PrefabInstance: {fileID: 8135129264306511417}
  m_PrefabAsset: {fileID: 0}
--- !u!1 &740252968393480093 stripped
GameObject:
  m_CorrespondingSourceObject: {fileID: 8836098554307692964, guid: b369006c4329cc643b25204744ae2f58,
    type: 3}
  m_PrefabInstance: {fileID: 8135129264306511417}
  m_PrefabAsset: {fileID: 0}
