%YAML 1.1
%TAG !u! tag:unity3d.com,2011:
--- !u!1 &8560424849119393814
GameObject:
  m_ObjectHideFlags: 0
  m_CorrespondingSourceObject: {fileID: 0}
  m_PrefabInstance: {fileID: 0}
  m_PrefabAsset: {fileID: 0}
  serializedVersion: 6
  m_Component:
  - component: {fileID: 8560424849119393813}
  - component: {fileID: 8387053785340851509}
  m_Layer: 0
  m_Name: Area2
  m_TagString: Untagged
  m_Icon: {fileID: 0}
  m_NavMeshLayer: 0
  m_StaticEditorFlags: 0
  m_IsActive: 1
--- !u!4 &8560424849119393813
Transform:
  m_ObjectHideFlags: 0
  m_CorrespondingSourceObject: {fileID: 0}
  m_PrefabInstance: {fileID: 0}
  m_PrefabAsset: {fileID: 0}
  m_GameObject: {fileID: 8560424849119393814}
  m_LocalRotation: {x: -0, y: -0, z: -0, w: 1}
  m_LocalPosition: {x: 0, y: -3, z: 10}
  m_LocalScale: {x: 1, y: 1, z: 1}
  m_Children:
  - {fileID: 8560424849143707653}
  - {fileID: 8516627599114679919}
  - {fileID: 997267917099639308}
  - {fileID: 8141134121191918275}
  - {fileID: 3291727337537173061}
  m_Father: {fileID: 0}
  m_RootOrder: 0
  m_LocalEulerAnglesHint: {x: 0, y: 0, z: 0}
--- !u!114 &8387053785340851509
MonoBehaviour:
  m_ObjectHideFlags: 0
  m_CorrespondingSourceObject: {fileID: 0}
  m_PrefabInstance: {fileID: 0}
  m_PrefabAsset: {fileID: 0}
  m_GameObject: {fileID: 8560424849119393814}
  m_Enabled: 1
  m_EditorHideFlags: 0
  m_Script: {fileID: 11500000, guid: 786605fe8bf78b445986bca03c7d528d, type: 3}
  m_Name: 
  m_EditorClassIdentifier: 
  ammoBox: {fileID: 3903937209564923824}
  enemies:
  - {fileID: 2544310393341201176}
  - {fileID: 6388662406351249275}
  - {fileID: 2703577212847634356}
  - {fileID: 8705607534296369970}
  areaLength: 10
--- !u!1 &8560424849143707654
GameObject:
  m_ObjectHideFlags: 0
  m_CorrespondingSourceObject: {fileID: 0}
  m_PrefabInstance: {fileID: 0}
  m_PrefabAsset: {fileID: 0}
  serializedVersion: 6
  m_Component:
  - component: {fileID: 8560424849143707653}
  - component: {fileID: 8560424849143707650}
  - component: {fileID: 8560424849143707651}
  - component: {fileID: 8560424849143707652}
  m_Layer: 0
  m_Name: Ground
  m_TagString: Untagged
  m_Icon: {fileID: 0}
  m_NavMeshLayer: 0
  m_StaticEditorFlags: 0
  m_IsActive: 1
--- !u!4 &8560424849143707653
Transform:
  m_ObjectHideFlags: 0
  m_CorrespondingSourceObject: {fileID: 0}
  m_PrefabInstance: {fileID: 0}
  m_PrefabAsset: {fileID: 0}
  m_GameObject: {fileID: 8560424849143707654}
  m_LocalRotation: {x: 0.7071068, y: -0, z: -0, w: 0.7071068}
  m_LocalPosition: {x: 0, y: 0, z: 0}
  m_LocalScale: {x: 10, y: 10, z: 10}
  m_Children: []
  m_Father: {fileID: 8560424849119393813}
  m_RootOrder: 0
  m_LocalEulerAnglesHint: {x: 0, y: 0, z: 0}
--- !u!33 &8560424849143707650
MeshFilter:
  m_ObjectHideFlags: 0
  m_CorrespondingSourceObject: {fileID: 0}
  m_PrefabInstance: {fileID: 0}
  m_PrefabAsset: {fileID: 0}
  m_GameObject: {fileID: 8560424849143707654}
  m_Mesh: {fileID: 10210, guid: 0000000000000000e000000000000000, type: 0}
--- !u!23 &8560424849143707651
MeshRenderer:
  m_ObjectHideFlags: 0
  m_CorrespondingSourceObject: {fileID: 0}
  m_PrefabInstance: {fileID: 0}
  m_PrefabAsset: {fileID: 0}
  m_GameObject: {fileID: 8560424849143707654}
  m_Enabled: 1
  m_CastShadows: 1
  m_ReceiveShadows: 1
  m_DynamicOccludee: 1
  m_MotionVectors: 1
  m_LightProbeUsage: 1
  m_ReflectionProbeUsage: 1
  m_RenderingLayerMask: 1
  m_RendererPriority: 0
  m_Materials:
  - {fileID: 2100000, guid: ce19205b1349e694cae7bb95ee760364, type: 2}
  m_StaticBatchInfo:
    firstSubMesh: 0
    subMeshCount: 0
  m_StaticBatchRoot: {fileID: 0}
  m_ProbeAnchor: {fileID: 0}
  m_LightProbeVolumeOverride: {fileID: 0}
  m_ScaleInLightmap: 1
  m_PreserveUVs: 0
  m_IgnoreNormalsForChartDetection: 0
  m_ImportantGI: 0
  m_StitchLightmapSeams: 0
  m_SelectedEditorRenderState: 3
  m_MinimumChartSize: 4
  m_AutoUVMaxDistance: 0.5
  m_AutoUVMaxAngle: 89
  m_LightmapParameters: {fileID: 0}
  m_SortingLayerID: 0
  m_SortingLayer: 0
  m_SortingOrder: 0
--- !u!64 &8560424849143707652
MeshCollider:
  m_ObjectHideFlags: 0
  m_CorrespondingSourceObject: {fileID: 0}
  m_PrefabInstance: {fileID: 0}
  m_PrefabAsset: {fileID: 0}
  m_GameObject: {fileID: 8560424849143707654}
  m_Material: {fileID: 0}
  m_IsTrigger: 0
  m_Enabled: 1
  serializedVersion: 3
  m_Convex: 0
  m_CookingOptions: 14
  m_Mesh: {fileID: 10210, guid: 0000000000000000e000000000000000, type: 0}
--- !u!1001 &285056263962996765
PrefabInstance:
  m_ObjectHideFlags: 0
  serializedVersion: 2
  m_Modification:
    m_TransformParent: {fileID: 8560424849119393813}
    m_Modifications:
    - target: {fileID: 8557220913186548059, guid: ea651aaa6c75d0b478ac3c07b5a60e7e,
        type: 3}
      propertyPath: m_Name
      value: AmmoBox
      objectReference: {fileID: 0}
    - target: {fileID: 8291029542399081182, guid: ea651aaa6c75d0b478ac3c07b5a60e7e,
        type: 3}
      propertyPath: m_LocalPosition.x
      value: -1.21
      objectReference: {fileID: 0}
    - target: {fileID: 8291029542399081182, guid: ea651aaa6c75d0b478ac3c07b5a60e7e,
        type: 3}
      propertyPath: m_LocalPosition.y
      value: 0
      objectReference: {fileID: 0}
    - target: {fileID: 8291029542399081182, guid: ea651aaa6c75d0b478ac3c07b5a60e7e,
        type: 3}
      propertyPath: m_LocalPosition.z
      value: 1.77
      objectReference: {fileID: 0}
    - target: {fileID: 8291029542399081182, guid: ea651aaa6c75d0b478ac3c07b5a60e7e,
        type: 3}
      propertyPath: m_LocalRotation.x
      value: -0
      objectReference: {fileID: 0}
    - target: {fileID: 8291029542399081182, guid: ea651aaa6c75d0b478ac3c07b5a60e7e,
        type: 3}
      propertyPath: m_LocalRotation.y
      value: -0
      objectReference: {fileID: 0}
    - target: {fileID: 8291029542399081182, guid: ea651aaa6c75d0b478ac3c07b5a60e7e,
        type: 3}
      propertyPath: m_LocalRotation.z
      value: -0
      objectReference: {fileID: 0}
    - target: {fileID: 8291029542399081182, guid: ea651aaa6c75d0b478ac3c07b5a60e7e,
        type: 3}
      propertyPath: m_LocalRotation.w
      value: 1
      objectReference: {fileID: 0}
    - target: {fileID: 8291029542399081182, guid: ea651aaa6c75d0b478ac3c07b5a60e7e,
        type: 3}
      propertyPath: m_RootOrder
      value: 3
      objectReference: {fileID: 0}
    - target: {fileID: 8291029542399081182, guid: ea651aaa6c75d0b478ac3c07b5a60e7e,
        type: 3}
      propertyPath: m_LocalEulerAnglesHint.x
      value: 0
      objectReference: {fileID: 0}
    - target: {fileID: 8291029542399081182, guid: ea651aaa6c75d0b478ac3c07b5a60e7e,
        type: 3}
      propertyPath: m_LocalEulerAnglesHint.y
      value: 0
      objectReference: {fileID: 0}
    - target: {fileID: 8291029542399081182, guid: ea651aaa6c75d0b478ac3c07b5a60e7e,
        type: 3}
      propertyPath: m_LocalEulerAnglesHint.z
      value: 0
      objectReference: {fileID: 0}
    m_RemovedComponents: []
  m_SourcePrefab: {fileID: 100100000, guid: ea651aaa6c75d0b478ac3c07b5a60e7e, type: 3}
--- !u!4 &8141134121191918275 stripped
Transform:
  m_CorrespondingSourceObject: {fileID: 8291029542399081182, guid: ea651aaa6c75d0b478ac3c07b5a60e7e,
    type: 3}
  m_PrefabInstance: {fileID: 285056263962996765}
  m_PrefabAsset: {fileID: 0}
--- !u!114 &2703577212847634356 stripped
MonoBehaviour:
  m_CorrespondingSourceObject: {fileID: 2770188827637843881, guid: ea651aaa6c75d0b478ac3c07b5a60e7e,
    type: 3}
  m_PrefabInstance: {fileID: 285056263962996765}
  m_PrefabAsset: {fileID: 0}
  m_GameObject: {fileID: 0}
  m_Enabled: 1
  m_EditorHideFlags: 0
  m_Script: {fileID: 11500000, guid: 3058a6b2192e52844b03051777325f2f, type: 3}
  m_Name: 
  m_EditorClassIdentifier: 
--- !u!114 &3903937209564923824 stripped
MonoBehaviour:
  m_CorrespondingSourceObject: {fileID: 3880179953803704237, guid: ea651aaa6c75d0b478ac3c07b5a60e7e,
    type: 3}
  m_PrefabInstance: {fileID: 285056263962996765}
  m_PrefabAsset: {fileID: 0}
  m_GameObject: {fileID: 0}
  m_Enabled: 1
  m_EditorHideFlags: 0
  m_Script: {fileID: 11500000, guid: b38c257c8ddf42e4d9ccc059180044d0, type: 3}
  m_Name: 
  m_EditorClassIdentifier: 
--- !u!1001 &377885504566447281
PrefabInstance:
  m_ObjectHideFlags: 0
  serializedVersion: 2
  m_Modification:
    m_TransformParent: {fileID: 8560424849119393813}
    m_Modifications:
    - target: {fileID: 8557220913186548059, guid: 4a569451cc320c8448a217702552d6e7,
        type: 3}
      propertyPath: m_Name
      value: Tank (1)
      objectReference: {fileID: 0}
    - target: {fileID: 8291029542399081182, guid: 4a569451cc320c8448a217702552d6e7,
        type: 3}
      propertyPath: m_LocalPosition.x
      value: 1.51
      objectReference: {fileID: 0}
    - target: {fileID: 8291029542399081182, guid: 4a569451cc320c8448a217702552d6e7,
        type: 3}
      propertyPath: m_LocalPosition.y
      value: 0
      objectReference: {fileID: 0}
    - target: {fileID: 8291029542399081182, guid: 4a569451cc320c8448a217702552d6e7,
        type: 3}
      propertyPath: m_LocalPosition.z
      value: -4.0099998
      objectReference: {fileID: 0}
    - target: {fileID: 8291029542399081182, guid: 4a569451cc320c8448a217702552d6e7,
        type: 3}
      propertyPath: m_LocalRotation.x
      value: 0
      objectReference: {fileID: 0}
    - target: {fileID: 8291029542399081182, guid: 4a569451cc320c8448a217702552d6e7,
        type: 3}
      propertyPath: m_LocalRotation.y
      value: 0
      objectReference: {fileID: 0}
    - target: {fileID: 8291029542399081182, guid: 4a569451cc320c8448a217702552d6e7,
        type: 3}
      propertyPath: m_LocalRotation.z
      value: 0
      objectReference: {fileID: 0}
    - target: {fileID: 8291029542399081182, guid: 4a569451cc320c8448a217702552d6e7,
        type: 3}
      propertyPath: m_LocalRotation.w
      value: 1
      objectReference: {fileID: 0}
    - target: {fileID: 8291029542399081182, guid: 4a569451cc320c8448a217702552d6e7,
        type: 3}
      propertyPath: m_RootOrder
      value: 1
      objectReference: {fileID: 0}
    - target: {fileID: 8291029542399081182, guid: 4a569451cc320c8448a217702552d6e7,
        type: 3}
      propertyPath: m_LocalEulerAnglesHint.x
      value: 0
      objectReference: {fileID: 0}
    - target: {fileID: 8291029542399081182, guid: 4a569451cc320c8448a217702552d6e7,
        type: 3}
      propertyPath: m_LocalEulerAnglesHint.y
      value: 0
      objectReference: {fileID: 0}
    - target: {fileID: 8291029542399081182, guid: 4a569451cc320c8448a217702552d6e7,
        type: 3}
      propertyPath: m_LocalEulerAnglesHint.z
      value: 0
      objectReference: {fileID: 0}
    - target: {fileID: 4757459934814799447, guid: 4a569451cc320c8448a217702552d6e7,
        type: 3}
      propertyPath: m_LocalRotation.x
      value: 0
      objectReference: {fileID: 0}
    - target: {fileID: 4757459934814799447, guid: 4a569451cc320c8448a217702552d6e7,
        type: 3}
      propertyPath: m_LocalRotation.y
      value: 0.65914917
      objectReference: {fileID: 0}
    - target: {fileID: 4757459934814799447, guid: 4a569451cc320c8448a217702552d6e7,
        type: 3}
      propertyPath: m_LocalRotation.z
      value: -0
      objectReference: {fileID: 0}
    - target: {fileID: 4757459934814799447, guid: 4a569451cc320c8448a217702552d6e7,
        type: 3}
      propertyPath: m_LocalRotation.w
      value: -0.75201225
      objectReference: {fileID: 0}
    - target: {fileID: 4757459934814799447, guid: 4a569451cc320c8448a217702552d6e7,
        type: 3}
      propertyPath: m_LocalEulerAnglesHint.y
      value: 277.53
      objectReference: {fileID: 0}
    m_RemovedComponents: []
  m_SourcePrefab: {fileID: 100100000, guid: 4a569451cc320c8448a217702552d6e7, type: 3}
--- !u!4 &8516627599114679919 stripped
Transform:
  m_CorrespondingSourceObject: {fileID: 8291029542399081182, guid: 4a569451cc320c8448a217702552d6e7,
    type: 3}
  m_PrefabInstance: {fileID: 377885504566447281}
  m_PrefabAsset: {fileID: 0}
--- !u!114 &2544310393341201176 stripped
MonoBehaviour:
  m_CorrespondingSourceObject: {fileID: 2770188827637843881, guid: 4a569451cc320c8448a217702552d6e7,
    type: 3}
  m_PrefabInstance: {fileID: 377885504566447281}
  m_PrefabAsset: {fileID: 0}
  m_GameObject: {fileID: 0}
  m_Enabled: 1
  m_EditorHideFlags: 0
  m_Script: {fileID: 11500000, guid: 3058a6b2192e52844b03051777325f2f, type: 3}
  m_Name: 
  m_EditorClassIdentifier: 
--- !u!1001 &6818792756021759131
PrefabInstance:
  m_ObjectHideFlags: 0
  serializedVersion: 2
  m_Modification:
    m_TransformParent: {fileID: 8560424849119393813}
    m_Modifications:
    - target: {fileID: 8557220913186548059, guid: 8d12e7f0c1c74eb428c8272ee68a5a82,
        type: 3}
      propertyPath: m_Name
      value: Tower
      objectReference: {fileID: 0}
    - target: {fileID: 8291029542399081182, guid: 8d12e7f0c1c74eb428c8272ee68a5a82,
        type: 3}
      propertyPath: m_LocalPosition.x
      value: 1.55
      objectReference: {fileID: 0}
    - target: {fileID: 8291029542399081182, guid: 8d12e7f0c1c74eb428c8272ee68a5a82,
        type: 3}
      propertyPath: m_LocalPosition.y
      value: 0
      objectReference: {fileID: 0}
    - target: {fileID: 8291029542399081182, guid: 8d12e7f0c1c74eb428c8272ee68a5a82,
        type: 3}
      propertyPath: m_LocalPosition.z
      value: 3.24
      objectReference: {fileID: 0}
    - target: {fileID: 8291029542399081182, guid: 8d12e7f0c1c74eb428c8272ee68a5a82,
        type: 3}
      propertyPath: m_LocalRotation.x
      value: -0
      objectReference: {fileID: 0}
    - target: {fileID: 8291029542399081182, guid: 8d12e7f0c1c74eb428c8272ee68a5a82,
        type: 3}
      propertyPath: m_LocalRotation.y
      value: -0
      objectReference: {fileID: 0}
    - target: {fileID: 8291029542399081182, guid: 8d12e7f0c1c74eb428c8272ee68a5a82,
        type: 3}
      propertyPath: m_LocalRotation.z
      value: -0
      objectReference: {fileID: 0}
    - target: {fileID: 8291029542399081182, guid: 8d12e7f0c1c74eb428c8272ee68a5a82,
        type: 3}
      propertyPath: m_LocalRotation.w
      value: 1
      objectReference: {fileID: 0}
    - target: {fileID: 8291029542399081182, guid: 8d12e7f0c1c74eb428c8272ee68a5a82,
        type: 3}
      propertyPath: m_RootOrder
      value: 4
      objectReference: {fileID: 0}
    - target: {fileID: 8291029542399081182, guid: 8d12e7f0c1c74eb428c8272ee68a5a82,
        type: 3}
      propertyPath: m_LocalEulerAnglesHint.x
      value: 0
      objectReference: {fileID: 0}
    - target: {fileID: 8291029542399081182, guid: 8d12e7f0c1c74eb428c8272ee68a5a82,
        type: 3}
      propertyPath: m_LocalEulerAnglesHint.y
      value: 0
      objectReference: {fileID: 0}
    - target: {fileID: 8291029542399081182, guid: 8d12e7f0c1c74eb428c8272ee68a5a82,
        type: 3}
      propertyPath: m_LocalEulerAnglesHint.z
      value: 0
      objectReference: {fileID: 0}
    m_RemovedComponents: []
  m_SourcePrefab: {fileID: 100100000, guid: 8d12e7f0c1c74eb428c8272ee68a5a82, type: 3}
--- !u!4 &3291727337537173061 stripped
Transform:
  m_CorrespondingSourceObject: {fileID: 8291029542399081182, guid: 8d12e7f0c1c74eb428c8272ee68a5a82,
    type: 3}
  m_PrefabInstance: {fileID: 6818792756021759131}
  m_PrefabAsset: {fileID: 0}
--- !u!114 &8705607534296369970 stripped
MonoBehaviour:
  m_CorrespondingSourceObject: {fileID: 2770188827637843881, guid: 8d12e7f0c1c74eb428c8272ee68a5a82,
    type: 3}
  m_PrefabInstance: {fileID: 6818792756021759131}
  m_PrefabAsset: {fileID: 0}
  m_GameObject: {fileID: 0}
  m_Enabled: 1
  m_EditorHideFlags: 0
  m_Script: {fileID: 11500000, guid: 3058a6b2192e52844b03051777325f2f, type: 3}
  m_Name: 
  m_EditorClassIdentifier: 
--- !u!1001 &9140238597803825362
PrefabInstance:
  m_ObjectHideFlags: 0
  serializedVersion: 2
  m_Modification:
    m_TransformParent: {fileID: 8560424849119393813}
    m_Modifications:
    - target: {fileID: 8557220913186548059, guid: 8d12e7f0c1c74eb428c8272ee68a5a82,
        type: 3}
      propertyPath: m_Name
      value: Tower (1)
      objectReference: {fileID: 0}
    - target: {fileID: 8291029542399081182, guid: 8d12e7f0c1c74eb428c8272ee68a5a82,
        type: 3}
      propertyPath: m_LocalPosition.x
      value: -1.65
      objectReference: {fileID: 0}
    - target: {fileID: 8291029542399081182, guid: 8d12e7f0c1c74eb428c8272ee68a5a82,
        type: 3}
      propertyPath: m_LocalPosition.y
      value: 0
      objectReference: {fileID: 0}
    - target: {fileID: 8291029542399081182, guid: 8d12e7f0c1c74eb428c8272ee68a5a82,
        type: 3}
      propertyPath: m_LocalPosition.z
      value: -1.43
      objectReference: {fileID: 0}
    - target: {fileID: 8291029542399081182, guid: 8d12e7f0c1c74eb428c8272ee68a5a82,
        type: 3}
      propertyPath: m_LocalRotation.x
      value: -0
      objectReference: {fileID: 0}
    - target: {fileID: 8291029542399081182, guid: 8d12e7f0c1c74eb428c8272ee68a5a82,
        type: 3}
      propertyPath: m_LocalRotation.y
      value: -0
      objectReference: {fileID: 0}
    - target: {fileID: 8291029542399081182, guid: 8d12e7f0c1c74eb428c8272ee68a5a82,
        type: 3}
      propertyPath: m_LocalRotation.z
      value: -0
      objectReference: {fileID: 0}
    - target: {fileID: 8291029542399081182, guid: 8d12e7f0c1c74eb428c8272ee68a5a82,
        type: 3}
      propertyPath: m_LocalRotation.w
      value: 1
      objectReference: {fileID: 0}
    - target: {fileID: 8291029542399081182, guid: 8d12e7f0c1c74eb428c8272ee68a5a82,
        type: 3}
      propertyPath: m_RootOrder
      value: 2
      objectReference: {fileID: 0}
    - target: {fileID: 8291029542399081182, guid: 8d12e7f0c1c74eb428c8272ee68a5a82,
        type: 3}
      propertyPath: m_LocalEulerAnglesHint.x
      value: 0
      objectReference: {fileID: 0}
    - target: {fileID: 8291029542399081182, guid: 8d12e7f0c1c74eb428c8272ee68a5a82,
        type: 3}
      propertyPath: m_LocalEulerAnglesHint.y
      value: 0
      objectReference: {fileID: 0}
    - target: {fileID: 8291029542399081182, guid: 8d12e7f0c1c74eb428c8272ee68a5a82,
        type: 3}
      propertyPath: m_LocalEulerAnglesHint.z
      value: 0
      objectReference: {fileID: 0}
    m_RemovedComponents: []
  m_SourcePrefab: {fileID: 100100000, guid: 8d12e7f0c1c74eb428c8272ee68a5a82, type: 3}
--- !u!4 &997267917099639308 stripped
Transform:
  m_CorrespondingSourceObject: {fileID: 8291029542399081182, guid: 8d12e7f0c1c74eb428c8272ee68a5a82,
    type: 3}
  m_PrefabInstance: {fileID: 9140238597803825362}
  m_PrefabAsset: {fileID: 0}
--- !u!114 &6388662406351249275 stripped
MonoBehaviour:
  m_CorrespondingSourceObject: {fileID: 2770188827637843881, guid: 8d12e7f0c1c74eb428c8272ee68a5a82,
    type: 3}
  m_PrefabInstance: {fileID: 9140238597803825362}
  m_PrefabAsset: {fileID: 0}
  m_GameObject: {fileID: 0}
  m_Enabled: 1
  m_EditorHideFlags: 0
  m_Script: {fileID: 11500000, guid: 3058a6b2192e52844b03051777325f2f, type: 3}
  m_Name: 
  m_EditorClassIdentifier: 
