%YAML 1.1
%TAG !u! tag:unity3d.com,2011:
--- !u!1 &8560424849119393814
GameObject:
  m_ObjectHideFlags: 0
  m_CorrespondingSourceObject: {fileID: 0}
  m_PrefabInstance: {fileID: 0}
  m_PrefabAsset: {fileID: 0}
  serializedVersion: 6
  m_Component:
  - component: {fileID: 8560424849119393813}
  - component: {fileID: 8387053785340851509}
  m_Layer: 0
  m_Name: Area5
  m_TagString: Untagged
  m_Icon: {fileID: 0}
  m_NavMeshLayer: 0
  m_StaticEditorFlags: 0
  m_IsActive: 1
--- !u!4 &8560424849119393813
Transform:
  m_ObjectHideFlags: 0
  m_CorrespondingSourceObject: {fileID: 0}
  m_PrefabInstance: {fileID: 0}
  m_PrefabAsset: {fileID: 0}
  m_GameObject: {fileID: 8560424849119393814}
  m_LocalRotation: {x: -0, y: -0, z: -0, w: 1}
  m_LocalPosition: {x: 0, y: -3, z: 10}
  m_LocalScale: {x: 1, y: 1, z: 1}
  m_Children:
  - {fileID: 8560424849143707653}
  - {fileID: 2461296421302979687}
  - {fileID: 2904835084950466059}
  - {fileID: 8960726144833499376}
  - {fileID: 6161261834270775016}
  - {fileID: 3023417816776857497}
  - {fileID: 1808857503381696982}
  - {fileID: 6690813785897978294}
  - {fileID: 647816911199091039}
  - {fileID: 8813099112829359470}
  - {fileID: 8631933424723502923}
  - {fileID: 6747825468546431911}
  - {fileID: 3454012317724857013}
  - {fileID: 9222971973366200036}
  - {fileID: 3996344874460192583}
  - {fileID: 8948981712853409179}
  - {fileID: 4560124040906812303}
  m_Father: {fileID: 0}
  m_RootOrder: 0
  m_LocalEulerAnglesHint: {x: 0, y: 0, z: 0}
--- !u!114 &8387053785340851509
MonoBehaviour:
  m_ObjectHideFlags: 0
  m_CorrespondingSourceObject: {fileID: 0}
  m_PrefabInstance: {fileID: 0}
  m_PrefabAsset: {fileID: 0}
  m_GameObject: {fileID: 8560424849119393814}
  m_Enabled: 1
  m_EditorHideFlags: 0
  m_Script: {fileID: 11500000, guid: 786605fe8bf78b445986bca03c7d528d, type: 3}
  m_Name: 
  m_EditorClassIdentifier: 
  ammoBox: {fileID: 8763543953434797820}
  enemies:
  - {fileID: 8599165485472231696}
  - {fileID: 9020177209938875260}
  - {fileID: 2964762240704597383}
  - {fileID: 71817358113172383}
  - {fileID: 8974338165493541614}
  - {fileID: 5504609512750238881}
  - {fileID: 694852657379488961}
  - {fileID: 6738393789828187176}
  - {fileID: 3400355759558125593}
  - {fileID: 2500868645309930044}
  - {fileID: 638104855539369680}
  - {fileID: 8831851993262403522}
  - {fileID: 3062592177051487123}
  - {fileID: 7653524350327543544}
  - {fileID: 7064961452008563248}
  - {fileID: 2976663898284056812}
  areaLength: 10
--- !u!1 &8560424849143707654
GameObject:
  m_ObjectHideFlags: 0
  m_CorrespondingSourceObject: {fileID: 0}
  m_PrefabInstance: {fileID: 0}
  m_PrefabAsset: {fileID: 0}
  serializedVersion: 6
  m_Component:
  - component: {fileID: 8560424849143707653}
  - component: {fileID: 8560424849143707650}
  - component: {fileID: 8560424849143707651}
  - component: {fileID: 8560424849143707652}
  m_Layer: 0
  m_Name: Ground
  m_TagString: Untagged
  m_Icon: {fileID: 0}
  m_NavMeshLayer: 0
  m_StaticEditorFlags: 0
  m_IsActive: 1
--- !u!4 &8560424849143707653
Transform:
  m_ObjectHideFlags: 0
  m_CorrespondingSourceObject: {fileID: 0}
  m_PrefabInstance: {fileID: 0}
  m_PrefabAsset: {fileID: 0}
  m_GameObject: {fileID: 8560424849143707654}
  m_LocalRotation: {x: 0.7071068, y: -0, z: -0, w: 0.7071068}
  m_LocalPosition: {x: 0, y: 0, z: 0}
  m_LocalScale: {x: 10, y: 10, z: 10}
  m_Children: []
  m_Father: {fileID: 8560424849119393813}
  m_RootOrder: 0
  m_LocalEulerAnglesHint: {x: 0, y: 0, z: 0}
--- !u!33 &8560424849143707650
MeshFilter:
  m_ObjectHideFlags: 0
  m_CorrespondingSourceObject: {fileID: 0}
  m_PrefabInstance: {fileID: 0}
  m_PrefabAsset: {fileID: 0}
  m_GameObject: {fileID: 8560424849143707654}
  m_Mesh: {fileID: 10210, guid: 0000000000000000e000000000000000, type: 0}
--- !u!23 &8560424849143707651
MeshRenderer:
  m_ObjectHideFlags: 0
  m_CorrespondingSourceObject: {fileID: 0}
  m_PrefabInstance: {fileID: 0}
  m_PrefabAsset: {fileID: 0}
  m_GameObject: {fileID: 8560424849143707654}
  m_Enabled: 1
  m_CastShadows: 1
  m_ReceiveShadows: 1
  m_DynamicOccludee: 1
  m_MotionVectors: 1
  m_LightProbeUsage: 1
  m_ReflectionProbeUsage: 1
  m_RenderingLayerMask: 1
  m_RendererPriority: 0
  m_Materials:
  - {fileID: 2100000, guid: ce19205b1349e694cae7bb95ee760364, type: 2}
  m_StaticBatchInfo:
    firstSubMesh: 0
    subMeshCount: 0
  m_StaticBatchRoot: {fileID: 0}
  m_ProbeAnchor: {fileID: 0}
  m_LightProbeVolumeOverride: {fileID: 0}
  m_ScaleInLightmap: 1
  m_PreserveUVs: 0
  m_IgnoreNormalsForChartDetection: 0
  m_ImportantGI: 0
  m_StitchLightmapSeams: 0
  m_SelectedEditorRenderState: 3
  m_MinimumChartSize: 4
  m_AutoUVMaxDistance: 0.5
  m_AutoUVMaxAngle: 89
  m_LightmapParameters: {fileID: 0}
  m_SortingLayerID: 0
  m_SortingLayer: 0
  m_SortingOrder: 0
--- !u!64 &8560424849143707652
MeshCollider:
  m_ObjectHideFlags: 0
  m_CorrespondingSourceObject: {fileID: 0}
  m_PrefabInstance: {fileID: 0}
  m_PrefabAsset: {fileID: 0}
  m_GameObject: {fileID: 8560424849143707654}
  m_Material: {fileID: 0}
  m_IsTrigger: 0
  m_Enabled: 1
  serializedVersion: 3
  m_Convex: 0
  m_CookingOptions: 14
  m_Mesh: {fileID: 10210, guid: 0000000000000000e000000000000000, type: 0}
--- !u!1001 &343802750385020309
PrefabInstance:
  m_ObjectHideFlags: 0
  serializedVersion: 2
  m_Modification:
    m_TransformParent: {fileID: 8560424849119393813}
    m_Modifications:
    - target: {fileID: 8557220913186548059, guid: 4c3e09c89d4c57347a2eda5d8bd0c3b9,
        type: 3}
      propertyPath: m_Name
      value: Soldier (9)
      objectReference: {fileID: 0}
    - target: {fileID: 8291029542399081182, guid: 4c3e09c89d4c57347a2eda5d8bd0c3b9,
        type: 3}
      propertyPath: m_LocalPosition.x
      value: -1.74
      objectReference: {fileID: 0}
    - target: {fileID: 8291029542399081182, guid: 4c3e09c89d4c57347a2eda5d8bd0c3b9,
        type: 3}
      propertyPath: m_LocalPosition.y
      value: 0
      objectReference: {fileID: 0}
    - target: {fileID: 8291029542399081182, guid: 4c3e09c89d4c57347a2eda5d8bd0c3b9,
        type: 3}
      propertyPath: m_LocalPosition.z
      value: 1.58
      objectReference: {fileID: 0}
    - target: {fileID: 8291029542399081182, guid: 4c3e09c89d4c57347a2eda5d8bd0c3b9,
        type: 3}
      propertyPath: m_LocalRotation.x
      value: -0
      objectReference: {fileID: 0}
    - target: {fileID: 8291029542399081182, guid: 4c3e09c89d4c57347a2eda5d8bd0c3b9,
        type: 3}
      propertyPath: m_LocalRotation.y
      value: -0
      objectReference: {fileID: 0}
    - target: {fileID: 8291029542399081182, guid: 4c3e09c89d4c57347a2eda5d8bd0c3b9,
        type: 3}
      propertyPath: m_LocalRotation.z
      value: -0
      objectReference: {fileID: 0}
    - target: {fileID: 8291029542399081182, guid: 4c3e09c89d4c57347a2eda5d8bd0c3b9,
        type: 3}
      propertyPath: m_LocalRotation.w
      value: 1
      objectReference: {fileID: 0}
    - target: {fileID: 8291029542399081182, guid: 4c3e09c89d4c57347a2eda5d8bd0c3b9,
        type: 3}
      propertyPath: m_RootOrder
      value: 10
      objectReference: {fileID: 0}
    - target: {fileID: 8291029542399081182, guid: 4c3e09c89d4c57347a2eda5d8bd0c3b9,
        type: 3}
      propertyPath: m_LocalEulerAnglesHint.x
      value: 0
      objectReference: {fileID: 0}
    - target: {fileID: 8291029542399081182, guid: 4c3e09c89d4c57347a2eda5d8bd0c3b9,
        type: 3}
      propertyPath: m_LocalEulerAnglesHint.y
      value: 0
      objectReference: {fileID: 0}
    - target: {fileID: 8291029542399081182, guid: 4c3e09c89d4c57347a2eda5d8bd0c3b9,
        type: 3}
      propertyPath: m_LocalEulerAnglesHint.z
      value: 0
      objectReference: {fileID: 0}
    m_RemovedComponents: []
  m_SourcePrefab: {fileID: 100100000, guid: 4c3e09c89d4c57347a2eda5d8bd0c3b9, type: 3}
--- !u!114 &2500868645309930044 stripped
MonoBehaviour:
  m_CorrespondingSourceObject: {fileID: 2770188827637843881, guid: 4c3e09c89d4c57347a2eda5d8bd0c3b9,
    type: 3}
  m_PrefabInstance: {fileID: 343802750385020309}
  m_PrefabAsset: {fileID: 0}
  m_GameObject: {fileID: 0}
  m_Enabled: 1
  m_EditorHideFlags: 0
  m_Script: {fileID: 11500000, guid: 3058a6b2192e52844b03051777325f2f, type: 3}
  m_Name: 
  m_EditorClassIdentifier: 
--- !u!4 &8631933424723502923 stripped
Transform:
  m_CorrespondingSourceObject: {fileID: 8291029542399081182, guid: 4c3e09c89d4c57347a2eda5d8bd0c3b9,
    type: 3}
  m_PrefabInstance: {fileID: 343802750385020309}
  m_PrefabAsset: {fileID: 0}
--- !u!1001 &667040186352693168
PrefabInstance:
  m_ObjectHideFlags: 0
  serializedVersion: 2
  m_Modification:
    m_TransformParent: {fileID: 8560424849119393813}
    m_Modifications:
    - target: {fileID: 8557220913186548059, guid: 4c3e09c89d4c57347a2eda5d8bd0c3b9,
        type: 3}
      propertyPath: m_Name
      value: Soldier (8)
      objectReference: {fileID: 0}
    - target: {fileID: 8291029542399081182, guid: 4c3e09c89d4c57347a2eda5d8bd0c3b9,
        type: 3}
      propertyPath: m_LocalPosition.x
      value: -0.01
      objectReference: {fileID: 0}
    - target: {fileID: 8291029542399081182, guid: 4c3e09c89d4c57347a2eda5d8bd0c3b9,
        type: 3}
      propertyPath: m_LocalPosition.y
      value: 0
      objectReference: {fileID: 0}
    - target: {fileID: 8291029542399081182, guid: 4c3e09c89d4c57347a2eda5d8bd0c3b9,
        type: 3}
      propertyPath: m_LocalPosition.z
      value: 1.27
      objectReference: {fileID: 0}
    - target: {fileID: 8291029542399081182, guid: 4c3e09c89d4c57347a2eda5d8bd0c3b9,
        type: 3}
      propertyPath: m_LocalRotation.x
      value: -0
      objectReference: {fileID: 0}
    - target: {fileID: 8291029542399081182, guid: 4c3e09c89d4c57347a2eda5d8bd0c3b9,
        type: 3}
      propertyPath: m_LocalRotation.y
      value: -0
      objectReference: {fileID: 0}
    - target: {fileID: 8291029542399081182, guid: 4c3e09c89d4c57347a2eda5d8bd0c3b9,
        type: 3}
      propertyPath: m_LocalRotation.z
      value: -0
      objectReference: {fileID: 0}
    - target: {fileID: 8291029542399081182, guid: 4c3e09c89d4c57347a2eda5d8bd0c3b9,
        type: 3}
      propertyPath: m_LocalRotation.w
      value: 1
      objectReference: {fileID: 0}
    - target: {fileID: 8291029542399081182, guid: 4c3e09c89d4c57347a2eda5d8bd0c3b9,
        type: 3}
      propertyPath: m_RootOrder
      value: 9
      objectReference: {fileID: 0}
    - target: {fileID: 8291029542399081182, guid: 4c3e09c89d4c57347a2eda5d8bd0c3b9,
        type: 3}
      propertyPath: m_LocalEulerAnglesHint.x
      value: 0
      objectReference: {fileID: 0}
    - target: {fileID: 8291029542399081182, guid: 4c3e09c89d4c57347a2eda5d8bd0c3b9,
        type: 3}
      propertyPath: m_LocalEulerAnglesHint.y
      value: 0
      objectReference: {fileID: 0}
    - target: {fileID: 8291029542399081182, guid: 4c3e09c89d4c57347a2eda5d8bd0c3b9,
        type: 3}
      propertyPath: m_LocalEulerAnglesHint.z
      value: 0
      objectReference: {fileID: 0}
    m_RemovedComponents: []
  m_SourcePrefab: {fileID: 100100000, guid: 4c3e09c89d4c57347a2eda5d8bd0c3b9, type: 3}
--- !u!4 &8813099112829359470 stripped
Transform:
  m_CorrespondingSourceObject: {fileID: 8291029542399081182, guid: 4c3e09c89d4c57347a2eda5d8bd0c3b9,
    type: 3}
  m_PrefabInstance: {fileID: 667040186352693168}
  m_PrefabAsset: {fileID: 0}
--- !u!114 &3400355759558125593 stripped
MonoBehaviour:
  m_CorrespondingSourceObject: {fileID: 2770188827637843881, guid: 4c3e09c89d4c57347a2eda5d8bd0c3b9,
    type: 3}
  m_PrefabInstance: {fileID: 667040186352693168}
  m_PrefabAsset: {fileID: 0}
  m_GameObject: {fileID: 0}
  m_Enabled: 1
  m_EditorHideFlags: 0
  m_Script: {fileID: 11500000, guid: 3058a6b2192e52844b03051777325f2f, type: 3}
  m_Name: 
  m_EditorClassIdentifier: 
--- !u!1001 &932583034200738874
PrefabInstance:
  m_ObjectHideFlags: 0
  serializedVersion: 2
  m_Modification:
    m_TransformParent: {fileID: 8560424849119393813}
    m_Modifications:
    - target: {fileID: 8557220913186548059, guid: 4c3e09c89d4c57347a2eda5d8bd0c3b9,
        type: 3}
      propertyPath: m_Name
      value: Soldier (12)
      objectReference: {fileID: 0}
    - target: {fileID: 8291029542399081182, guid: 4c3e09c89d4c57347a2eda5d8bd0c3b9,
        type: 3}
      propertyPath: m_LocalPosition.x
      value: 1.62
      objectReference: {fileID: 0}
    - target: {fileID: 8291029542399081182, guid: 4c3e09c89d4c57347a2eda5d8bd0c3b9,
        type: 3}
      propertyPath: m_LocalPosition.y
      value: 0
      objectReference: {fileID: 0}
    - target: {fileID: 8291029542399081182, guid: 4c3e09c89d4c57347a2eda5d8bd0c3b9,
        type: 3}
      propertyPath: m_LocalPosition.z
      value: 2.78
      objectReference: {fileID: 0}
    - target: {fileID: 8291029542399081182, guid: 4c3e09c89d4c57347a2eda5d8bd0c3b9,
        type: 3}
      propertyPath: m_LocalRotation.x
      value: -0
      objectReference: {fileID: 0}
    - target: {fileID: 8291029542399081182, guid: 4c3e09c89d4c57347a2eda5d8bd0c3b9,
        type: 3}
      propertyPath: m_LocalRotation.y
      value: -0
      objectReference: {fileID: 0}
    - target: {fileID: 8291029542399081182, guid: 4c3e09c89d4c57347a2eda5d8bd0c3b9,
        type: 3}
      propertyPath: m_LocalRotation.z
      value: -0
      objectReference: {fileID: 0}
    - target: {fileID: 8291029542399081182, guid: 4c3e09c89d4c57347a2eda5d8bd0c3b9,
        type: 3}
      propertyPath: m_LocalRotation.w
      value: 1
      objectReference: {fileID: 0}
    - target: {fileID: 8291029542399081182, guid: 4c3e09c89d4c57347a2eda5d8bd0c3b9,
        type: 3}
      propertyPath: m_RootOrder
      value: 13
      objectReference: {fileID: 0}
    - target: {fileID: 8291029542399081182, guid: 4c3e09c89d4c57347a2eda5d8bd0c3b9,
        type: 3}
      propertyPath: m_LocalEulerAnglesHint.x
      value: 0
      objectReference: {fileID: 0}
    - target: {fileID: 8291029542399081182, guid: 4c3e09c89d4c57347a2eda5d8bd0c3b9,
        type: 3}
      propertyPath: m_LocalEulerAnglesHint.y
      value: 0
      objectReference: {fileID: 0}
    - target: {fileID: 8291029542399081182, guid: 4c3e09c89d4c57347a2eda5d8bd0c3b9,
        type: 3}
      propertyPath: m_LocalEulerAnglesHint.z
      value: 0
      objectReference: {fileID: 0}
    m_RemovedComponents: []
  m_SourcePrefab: {fileID: 100100000, guid: 4c3e09c89d4c57347a2eda5d8bd0c3b9, type: 3}
--- !u!114 &3062592177051487123 stripped
MonoBehaviour:
  m_CorrespondingSourceObject: {fileID: 2770188827637843881, guid: 4c3e09c89d4c57347a2eda5d8bd0c3b9,
    type: 3}
  m_PrefabInstance: {fileID: 932583034200738874}
  m_PrefabAsset: {fileID: 0}
  m_GameObject: {fileID: 0}
  m_Enabled: 1
  m_EditorHideFlags: 0
  m_Script: {fileID: 11500000, guid: 3058a6b2192e52844b03051777325f2f, type: 3}
  m_Name: 
  m_EditorClassIdentifier: 
--- !u!4 &9222971973366200036 stripped
Transform:
  m_CorrespondingSourceObject: {fileID: 8291029542399081182, guid: 4c3e09c89d4c57347a2eda5d8bd0c3b9,
    type: 3}
  m_PrefabInstance: {fileID: 932583034200738874}
  m_PrefabAsset: {fileID: 0}
--- !u!1001 &1098469310766999365
PrefabInstance:
  m_ObjectHideFlags: 0
  serializedVersion: 2
  m_Modification:
    m_TransformParent: {fileID: 8560424849119393813}
    m_Modifications:
    - target: {fileID: 8557220913186548059, guid: 4c3e09c89d4c57347a2eda5d8bd0c3b9,
        type: 3}
      propertyPath: m_Name
      value: Soldier (14)
      objectReference: {fileID: 0}
    - target: {fileID: 8291029542399081182, guid: 4c3e09c89d4c57347a2eda5d8bd0c3b9,
        type: 3}
      propertyPath: m_LocalPosition.x
      value: -0.5
      objectReference: {fileID: 0}
    - target: {fileID: 8291029542399081182, guid: 4c3e09c89d4c57347a2eda5d8bd0c3b9,
        type: 3}
      propertyPath: m_LocalPosition.y
      value: 0
      objectReference: {fileID: 0}
    - target: {fileID: 8291029542399081182, guid: 4c3e09c89d4c57347a2eda5d8bd0c3b9,
        type: 3}
      propertyPath: m_LocalPosition.z
      value: 4.22
      objectReference: {fileID: 0}
    - target: {fileID: 8291029542399081182, guid: 4c3e09c89d4c57347a2eda5d8bd0c3b9,
        type: 3}
      propertyPath: m_LocalRotation.x
      value: -0
      objectReference: {fileID: 0}
    - target: {fileID: 8291029542399081182, guid: 4c3e09c89d4c57347a2eda5d8bd0c3b9,
        type: 3}
      propertyPath: m_LocalRotation.y
      value: -0
      objectReference: {fileID: 0}
    - target: {fileID: 8291029542399081182, guid: 4c3e09c89d4c57347a2eda5d8bd0c3b9,
        type: 3}
      propertyPath: m_LocalRotation.z
      value: -0
      objectReference: {fileID: 0}
    - target: {fileID: 8291029542399081182, guid: 4c3e09c89d4c57347a2eda5d8bd0c3b9,
        type: 3}
      propertyPath: m_LocalRotation.w
      value: 1
      objectReference: {fileID: 0}
    - target: {fileID: 8291029542399081182, guid: 4c3e09c89d4c57347a2eda5d8bd0c3b9,
        type: 3}
      propertyPath: m_RootOrder
      value: 15
      objectReference: {fileID: 0}
    - target: {fileID: 8291029542399081182, guid: 4c3e09c89d4c57347a2eda5d8bd0c3b9,
        type: 3}
      propertyPath: m_LocalEulerAnglesHint.x
      value: 0
      objectReference: {fileID: 0}
    - target: {fileID: 8291029542399081182, guid: 4c3e09c89d4c57347a2eda5d8bd0c3b9,
        type: 3}
      propertyPath: m_LocalEulerAnglesHint.y
      value: 0
      objectReference: {fileID: 0}
    - target: {fileID: 8291029542399081182, guid: 4c3e09c89d4c57347a2eda5d8bd0c3b9,
        type: 3}
      propertyPath: m_LocalEulerAnglesHint.z
      value: 0
      objectReference: {fileID: 0}
    m_RemovedComponents: []
  m_SourcePrefab: {fileID: 100100000, guid: 4c3e09c89d4c57347a2eda5d8bd0c3b9, type: 3}
--- !u!114 &2976663898284056812 stripped
MonoBehaviour:
  m_CorrespondingSourceObject: {fileID: 2770188827637843881, guid: 4c3e09c89d4c57347a2eda5d8bd0c3b9,
    type: 3}
  m_PrefabInstance: {fileID: 1098469310766999365}
  m_PrefabAsset: {fileID: 0}
  m_GameObject: {fileID: 0}
  m_Enabled: 1
  m_EditorHideFlags: 0
  m_Script: {fileID: 11500000, guid: 3058a6b2192e52844b03051777325f2f, type: 3}
  m_Name: 
  m_EditorClassIdentifier: 
--- !u!4 &8948981712853409179 stripped
Transform:
  m_CorrespondingSourceObject: {fileID: 8291029542399081182, guid: 4c3e09c89d4c57347a2eda5d8bd0c3b9,
    type: 3}
  m_PrefabInstance: {fileID: 1098469310766999365}
  m_PrefabAsset: {fileID: 0}
--- !u!1001 &1104863513520392750
PrefabInstance:
  m_ObjectHideFlags: 0
  serializedVersion: 2
  m_Modification:
    m_TransformParent: {fileID: 8560424849119393813}
    m_Modifications:
    - target: {fileID: 8557220913186548059, guid: 4c3e09c89d4c57347a2eda5d8bd0c3b9,
        type: 3}
      propertyPath: m_Name
      value: Soldier (2)
      objectReference: {fileID: 0}
    - target: {fileID: 8291029542399081182, guid: 4c3e09c89d4c57347a2eda5d8bd0c3b9,
        type: 3}
      propertyPath: m_LocalPosition.x
      value: -1.89
      objectReference: {fileID: 0}
    - target: {fileID: 8291029542399081182, guid: 4c3e09c89d4c57347a2eda5d8bd0c3b9,
        type: 3}
      propertyPath: m_LocalPosition.y
      value: 0
      objectReference: {fileID: 0}
    - target: {fileID: 8291029542399081182, guid: 4c3e09c89d4c57347a2eda5d8bd0c3b9,
        type: 3}
      propertyPath: m_LocalPosition.z
      value: -1.43
      objectReference: {fileID: 0}
    - target: {fileID: 8291029542399081182, guid: 4c3e09c89d4c57347a2eda5d8bd0c3b9,
        type: 3}
      propertyPath: m_LocalRotation.x
      value: -0
      objectReference: {fileID: 0}
    - target: {fileID: 8291029542399081182, guid: 4c3e09c89d4c57347a2eda5d8bd0c3b9,
        type: 3}
      propertyPath: m_LocalRotation.y
      value: -0
      objectReference: {fileID: 0}
    - target: {fileID: 8291029542399081182, guid: 4c3e09c89d4c57347a2eda5d8bd0c3b9,
        type: 3}
      propertyPath: m_LocalRotation.z
      value: -0
      objectReference: {fileID: 0}
    - target: {fileID: 8291029542399081182, guid: 4c3e09c89d4c57347a2eda5d8bd0c3b9,
        type: 3}
      propertyPath: m_LocalRotation.w
      value: 1
      objectReference: {fileID: 0}
    - target: {fileID: 8291029542399081182, guid: 4c3e09c89d4c57347a2eda5d8bd0c3b9,
        type: 3}
      propertyPath: m_RootOrder
      value: 3
      objectReference: {fileID: 0}
    - target: {fileID: 8291029542399081182, guid: 4c3e09c89d4c57347a2eda5d8bd0c3b9,
        type: 3}
      propertyPath: m_LocalEulerAnglesHint.x
      value: 0
      objectReference: {fileID: 0}
    - target: {fileID: 8291029542399081182, guid: 4c3e09c89d4c57347a2eda5d8bd0c3b9,
        type: 3}
      propertyPath: m_LocalEulerAnglesHint.y
      value: 0
      objectReference: {fileID: 0}
    - target: {fileID: 8291029542399081182, guid: 4c3e09c89d4c57347a2eda5d8bd0c3b9,
        type: 3}
      propertyPath: m_LocalEulerAnglesHint.z
      value: 0
      objectReference: {fileID: 0}
    m_RemovedComponents: []
  m_SourcePrefab: {fileID: 100100000, guid: 4c3e09c89d4c57347a2eda5d8bd0c3b9, type: 3}
--- !u!4 &8960726144833499376 stripped
Transform:
  m_CorrespondingSourceObject: {fileID: 8291029542399081182, guid: 4c3e09c89d4c57347a2eda5d8bd0c3b9,
    type: 3}
  m_PrefabInstance: {fileID: 1104863513520392750}
  m_PrefabAsset: {fileID: 0}
--- !u!114 &2964762240704597383 stripped
MonoBehaviour:
  m_CorrespondingSourceObject: {fileID: 2770188827637843881, guid: 4c3e09c89d4c57347a2eda5d8bd0c3b9,
    type: 3}
  m_PrefabInstance: {fileID: 1104863513520392750}
  m_PrefabAsset: {fileID: 0}
  m_GameObject: {fileID: 0}
  m_Enabled: 1
  m_EditorHideFlags: 0
  m_Script: {fileID: 11500000, guid: 3058a6b2192e52844b03051777325f2f, type: 3}
  m_Name: 
  m_EditorClassIdentifier: 
--- !u!1001 &2778322459384278070
PrefabInstance:
  m_ObjectHideFlags: 0
  serializedVersion: 2
  m_Modification:
    m_TransformParent: {fileID: 8560424849119393813}
    m_Modifications:
    - target: {fileID: 8557220913186548059, guid: 4c3e09c89d4c57347a2eda5d8bd0c3b9,
        type: 3}
      propertyPath: m_Name
      value: Soldier (3)
      objectReference: {fileID: 0}
    - target: {fileID: 8291029542399081182, guid: 4c3e09c89d4c57347a2eda5d8bd0c3b9,
        type: 3}
      propertyPath: m_LocalPosition.x
      value: 1.02
      objectReference: {fileID: 0}
    - target: {fileID: 8291029542399081182, guid: 4c3e09c89d4c57347a2eda5d8bd0c3b9,
        type: 3}
      propertyPath: m_LocalPosition.y
      value: 0
      objectReference: {fileID: 0}
    - target: {fileID: 8291029542399081182, guid: 4c3e09c89d4c57347a2eda5d8bd0c3b9,
        type: 3}
      propertyPath: m_LocalPosition.z
      value: -1.03
      objectReference: {fileID: 0}
    - target: {fileID: 8291029542399081182, guid: 4c3e09c89d4c57347a2eda5d8bd0c3b9,
        type: 3}
      propertyPath: m_LocalRotation.x
      value: -0
      objectReference: {fileID: 0}
    - target: {fileID: 8291029542399081182, guid: 4c3e09c89d4c57347a2eda5d8bd0c3b9,
        type: 3}
      propertyPath: m_LocalRotation.y
      value: -0
      objectReference: {fileID: 0}
    - target: {fileID: 8291029542399081182, guid: 4c3e09c89d4c57347a2eda5d8bd0c3b9,
        type: 3}
      propertyPath: m_LocalRotation.z
      value: -0
      objectReference: {fileID: 0}
    - target: {fileID: 8291029542399081182, guid: 4c3e09c89d4c57347a2eda5d8bd0c3b9,
        type: 3}
      propertyPath: m_LocalRotation.w
      value: 1
      objectReference: {fileID: 0}
    - target: {fileID: 8291029542399081182, guid: 4c3e09c89d4c57347a2eda5d8bd0c3b9,
        type: 3}
      propertyPath: m_RootOrder
      value: 4
      objectReference: {fileID: 0}
    - target: {fileID: 8291029542399081182, guid: 4c3e09c89d4c57347a2eda5d8bd0c3b9,
        type: 3}
      propertyPath: m_LocalEulerAnglesHint.x
      value: 0
      objectReference: {fileID: 0}
    - target: {fileID: 8291029542399081182, guid: 4c3e09c89d4c57347a2eda5d8bd0c3b9,
        type: 3}
      propertyPath: m_LocalEulerAnglesHint.y
      value: 0
      objectReference: {fileID: 0}
    - target: {fileID: 8291029542399081182, guid: 4c3e09c89d4c57347a2eda5d8bd0c3b9,
        type: 3}
      propertyPath: m_LocalEulerAnglesHint.z
      value: 0
      objectReference: {fileID: 0}
    m_RemovedComponents: []
  m_SourcePrefab: {fileID: 100100000, guid: 4c3e09c89d4c57347a2eda5d8bd0c3b9, type: 3}
--- !u!4 &6161261834270775016 stripped
Transform:
  m_CorrespondingSourceObject: {fileID: 8291029542399081182, guid: 4c3e09c89d4c57347a2eda5d8bd0c3b9,
    type: 3}
  m_PrefabInstance: {fileID: 2778322459384278070}
  m_PrefabAsset: {fileID: 0}
--- !u!114 &71817358113172383 stripped
MonoBehaviour:
  m_CorrespondingSourceObject: {fileID: 2770188827637843881, guid: 4c3e09c89d4c57347a2eda5d8bd0c3b9,
    type: 3}
  m_PrefabInstance: {fileID: 2778322459384278070}
  m_PrefabAsset: {fileID: 0}
  m_GameObject: {fileID: 0}
  m_Enabled: 1
  m_EditorHideFlags: 0
  m_Script: {fileID: 11500000, guid: 3058a6b2192e52844b03051777325f2f, type: 3}
  m_Name: 
  m_EditorClassIdentifier: 
--- !u!1001 &3362694633602433401
PrefabInstance:
  m_ObjectHideFlags: 0
  serializedVersion: 2
  m_Modification:
    m_TransformParent: {fileID: 8560424849119393813}
    m_Modifications:
    - target: {fileID: 8557220913186548059, guid: 4c3e09c89d4c57347a2eda5d8bd0c3b9,
        type: 3}
      propertyPath: m_Name
      value: Soldier (10)
      objectReference: {fileID: 0}
    - target: {fileID: 8291029542399081182, guid: 4c3e09c89d4c57347a2eda5d8bd0c3b9,
        type: 3}
      propertyPath: m_LocalPosition.x
      value: 3.72
      objectReference: {fileID: 0}
    - target: {fileID: 8291029542399081182, guid: 4c3e09c89d4c57347a2eda5d8bd0c3b9,
        type: 3}
      propertyPath: m_LocalPosition.y
      value: 0
      objectReference: {fileID: 0}
    - target: {fileID: 8291029542399081182, guid: 4c3e09c89d4c57347a2eda5d8bd0c3b9,
        type: 3}
      propertyPath: m_LocalPosition.z
      value: 1.84
      objectReference: {fileID: 0}
    - target: {fileID: 8291029542399081182, guid: 4c3e09c89d4c57347a2eda5d8bd0c3b9,
        type: 3}
      propertyPath: m_LocalRotation.x
      value: -0
      objectReference: {fileID: 0}
    - target: {fileID: 8291029542399081182, guid: 4c3e09c89d4c57347a2eda5d8bd0c3b9,
        type: 3}
      propertyPath: m_LocalRotation.y
      value: -0
      objectReference: {fileID: 0}
    - target: {fileID: 8291029542399081182, guid: 4c3e09c89d4c57347a2eda5d8bd0c3b9,
        type: 3}
      propertyPath: m_LocalRotation.z
      value: -0
      objectReference: {fileID: 0}
    - target: {fileID: 8291029542399081182, guid: 4c3e09c89d4c57347a2eda5d8bd0c3b9,
        type: 3}
      propertyPath: m_LocalRotation.w
      value: 1
      objectReference: {fileID: 0}
    - target: {fileID: 8291029542399081182, guid: 4c3e09c89d4c57347a2eda5d8bd0c3b9,
        type: 3}
      propertyPath: m_RootOrder
      value: 11
      objectReference: {fileID: 0}
    - target: {fileID: 8291029542399081182, guid: 4c3e09c89d4c57347a2eda5d8bd0c3b9,
        type: 3}
      propertyPath: m_LocalEulerAnglesHint.x
      value: 0
      objectReference: {fileID: 0}
    - target: {fileID: 8291029542399081182, guid: 4c3e09c89d4c57347a2eda5d8bd0c3b9,
        type: 3}
      propertyPath: m_LocalEulerAnglesHint.y
      value: 0
      objectReference: {fileID: 0}
    - target: {fileID: 8291029542399081182, guid: 4c3e09c89d4c57347a2eda5d8bd0c3b9,
        type: 3}
      propertyPath: m_LocalEulerAnglesHint.z
      value: 0
      objectReference: {fileID: 0}
    m_RemovedComponents: []
  m_SourcePrefab: {fileID: 100100000, guid: 4c3e09c89d4c57347a2eda5d8bd0c3b9, type: 3}
--- !u!4 &6747825468546431911 stripped
Transform:
  m_CorrespondingSourceObject: {fileID: 8291029542399081182, guid: 4c3e09c89d4c57347a2eda5d8bd0c3b9,
    type: 3}
  m_PrefabInstance: {fileID: 3362694633602433401}
  m_PrefabAsset: {fileID: 0}
--- !u!114 &638104855539369680 stripped
MonoBehaviour:
  m_CorrespondingSourceObject: {fileID: 2770188827637843881, guid: 4c3e09c89d4c57347a2eda5d8bd0c3b9,
    type: 3}
  m_PrefabInstance: {fileID: 3362694633602433401}
  m_PrefabAsset: {fileID: 0}
  m_GameObject: {fileID: 0}
  m_Enabled: 1
  m_EditorHideFlags: 0
  m_Script: {fileID: 11500000, guid: 3058a6b2192e52844b03051777325f2f, type: 3}
  m_Name: 
  m_EditorClassIdentifier: 
--- !u!1001 &3446710296159925096
PrefabInstance:
  m_ObjectHideFlags: 0
  serializedVersion: 2
  m_Modification:
    m_TransformParent: {fileID: 8560424849119393813}
    m_Modifications:
    - target: {fileID: 8557220913186548059, guid: 4c3e09c89d4c57347a2eda5d8bd0c3b9,
        type: 3}
      propertyPath: m_Name
      value: Soldier (6)
      objectReference: {fileID: 0}
    - target: {fileID: 8291029542399081182, guid: 4c3e09c89d4c57347a2eda5d8bd0c3b9,
        type: 3}
      propertyPath: m_LocalPosition.x
      value: -2.2
      objectReference: {fileID: 0}
    - target: {fileID: 8291029542399081182, guid: 4c3e09c89d4c57347a2eda5d8bd0c3b9,
        type: 3}
      propertyPath: m_LocalPosition.y
      value: 0
      objectReference: {fileID: 0}
    - target: {fileID: 8291029542399081182, guid: 4c3e09c89d4c57347a2eda5d8bd0c3b9,
        type: 3}
      propertyPath: m_LocalPosition.z
      value: 0.39
      objectReference: {fileID: 0}
    - target: {fileID: 8291029542399081182, guid: 4c3e09c89d4c57347a2eda5d8bd0c3b9,
        type: 3}
      propertyPath: m_LocalRotation.x
      value: -0
      objectReference: {fileID: 0}
    - target: {fileID: 8291029542399081182, guid: 4c3e09c89d4c57347a2eda5d8bd0c3b9,
        type: 3}
      propertyPath: m_LocalRotation.y
      value: -0
      objectReference: {fileID: 0}
    - target: {fileID: 8291029542399081182, guid: 4c3e09c89d4c57347a2eda5d8bd0c3b9,
        type: 3}
      propertyPath: m_LocalRotation.z
      value: -0
      objectReference: {fileID: 0}
    - target: {fileID: 8291029542399081182, guid: 4c3e09c89d4c57347a2eda5d8bd0c3b9,
        type: 3}
      propertyPath: m_LocalRotation.w
      value: 1
      objectReference: {fileID: 0}
    - target: {fileID: 8291029542399081182, guid: 4c3e09c89d4c57347a2eda5d8bd0c3b9,
        type: 3}
      propertyPath: m_RootOrder
      value: 7
      objectReference: {fileID: 0}
    - target: {fileID: 8291029542399081182, guid: 4c3e09c89d4c57347a2eda5d8bd0c3b9,
        type: 3}
      propertyPath: m_LocalEulerAnglesHint.x
      value: 0
      objectReference: {fileID: 0}
    - target: {fileID: 8291029542399081182, guid: 4c3e09c89d4c57347a2eda5d8bd0c3b9,
        type: 3}
      propertyPath: m_LocalEulerAnglesHint.y
      value: 0
      objectReference: {fileID: 0}
    - target: {fileID: 8291029542399081182, guid: 4c3e09c89d4c57347a2eda5d8bd0c3b9,
        type: 3}
      propertyPath: m_LocalEulerAnglesHint.z
      value: 0
      objectReference: {fileID: 0}
    m_RemovedComponents: []
  m_SourcePrefab: {fileID: 100100000, guid: 4c3e09c89d4c57347a2eda5d8bd0c3b9, type: 3}
--- !u!114 &694852657379488961 stripped
MonoBehaviour:
  m_CorrespondingSourceObject: {fileID: 2770188827637843881, guid: 4c3e09c89d4c57347a2eda5d8bd0c3b9,
    type: 3}
  m_PrefabInstance: {fileID: 3446710296159925096}
  m_PrefabAsset: {fileID: 0}
  m_GameObject: {fileID: 0}
  m_Enabled: 1
  m_EditorHideFlags: 0
  m_Script: {fileID: 11500000, guid: 3058a6b2192e52844b03051777325f2f, type: 3}
  m_Name: 
  m_EditorClassIdentifier: 
--- !u!4 &6690813785897978294 stripped
Transform:
  m_CorrespondingSourceObject: {fileID: 8291029542399081182, guid: 4c3e09c89d4c57347a2eda5d8bd0c3b9,
    type: 3}
  m_PrefabInstance: {fileID: 3446710296159925096}
  m_PrefabAsset: {fileID: 0}
--- !u!1001 &4934389440808248729
PrefabInstance:
  m_ObjectHideFlags: 0
  serializedVersion: 2
  m_Modification:
    m_TransformParent: {fileID: 8560424849119393813}
    m_Modifications:
    - target: {fileID: 8557220913186548059, guid: 4c3e09c89d4c57347a2eda5d8bd0c3b9,
        type: 3}
      propertyPath: m_Name
      value: Soldier (13)
      objectReference: {fileID: 0}
    - target: {fileID: 8291029542399081182, guid: 4c3e09c89d4c57347a2eda5d8bd0c3b9,
        type: 3}
      propertyPath: m_LocalPosition.x
      value: -2.73
      objectReference: {fileID: 0}
    - target: {fileID: 8291029542399081182, guid: 4c3e09c89d4c57347a2eda5d8bd0c3b9,
        type: 3}
      propertyPath: m_LocalPosition.y
      value: 0
      objectReference: {fileID: 0}
    - target: {fileID: 8291029542399081182, guid: 4c3e09c89d4c57347a2eda5d8bd0c3b9,
        type: 3}
      propertyPath: m_LocalPosition.z
      value: 3.58
      objectReference: {fileID: 0}
    - target: {fileID: 8291029542399081182, guid: 4c3e09c89d4c57347a2eda5d8bd0c3b9,
        type: 3}
      propertyPath: m_LocalRotation.x
      value: -0
      objectReference: {fileID: 0}
    - target: {fileID: 8291029542399081182, guid: 4c3e09c89d4c57347a2eda5d8bd0c3b9,
        type: 3}
      propertyPath: m_LocalRotation.y
      value: -0
      objectReference: {fileID: 0}
    - target: {fileID: 8291029542399081182, guid: 4c3e09c89d4c57347a2eda5d8bd0c3b9,
        type: 3}
      propertyPath: m_LocalRotation.z
      value: -0
      objectReference: {fileID: 0}
    - target: {fileID: 8291029542399081182, guid: 4c3e09c89d4c57347a2eda5d8bd0c3b9,
        type: 3}
      propertyPath: m_LocalRotation.w
      value: 1
      objectReference: {fileID: 0}
    - target: {fileID: 8291029542399081182, guid: 4c3e09c89d4c57347a2eda5d8bd0c3b9,
        type: 3}
      propertyPath: m_RootOrder
      value: 14
      objectReference: {fileID: 0}
    - target: {fileID: 8291029542399081182, guid: 4c3e09c89d4c57347a2eda5d8bd0c3b9,
        type: 3}
      propertyPath: m_LocalEulerAnglesHint.x
      value: 0
      objectReference: {fileID: 0}
    - target: {fileID: 8291029542399081182, guid: 4c3e09c89d4c57347a2eda5d8bd0c3b9,
        type: 3}
      propertyPath: m_LocalEulerAnglesHint.y
      value: 0
      objectReference: {fileID: 0}
    - target: {fileID: 8291029542399081182, guid: 4c3e09c89d4c57347a2eda5d8bd0c3b9,
        type: 3}
      propertyPath: m_LocalEulerAnglesHint.z
      value: 0
      objectReference: {fileID: 0}
    m_RemovedComponents: []
  m_SourcePrefab: {fileID: 100100000, guid: 4c3e09c89d4c57347a2eda5d8bd0c3b9, type: 3}
--- !u!4 &3996344874460192583 stripped
Transform:
  m_CorrespondingSourceObject: {fileID: 8291029542399081182, guid: 4c3e09c89d4c57347a2eda5d8bd0c3b9,
    type: 3}
  m_PrefabInstance: {fileID: 4934389440808248729}
  m_PrefabAsset: {fileID: 0}
--- !u!114 &7064961452008563248 stripped
MonoBehaviour:
  m_CorrespondingSourceObject: {fileID: 2770188827637843881, guid: 4c3e09c89d4c57347a2eda5d8bd0c3b9,
    type: 3}
  m_PrefabInstance: {fileID: 4934389440808248729}
  m_PrefabAsset: {fileID: 0}
  m_GameObject: {fileID: 0}
  m_Enabled: 1
  m_EditorHideFlags: 0
  m_Script: {fileID: 11500000, guid: 3058a6b2192e52844b03051777325f2f, type: 3}
  m_Name: 
  m_EditorClassIdentifier: 
--- !u!1001 &5496493637628809553
PrefabInstance:
  m_ObjectHideFlags: 0
  serializedVersion: 2
  m_Modification:
    m_TransformParent: {fileID: 8560424849119393813}
    m_Modifications:
    - target: {fileID: 8557220913186548059, guid: ea651aaa6c75d0b478ac3c07b5a60e7e,
        type: 3}
      propertyPath: m_Name
      value: AmmoBox
      objectReference: {fileID: 0}
    - target: {fileID: 8291029542399081182, guid: ea651aaa6c75d0b478ac3c07b5a60e7e,
        type: 3}
      propertyPath: m_LocalPosition.x
      value: 0.54
      objectReference: {fileID: 0}
    - target: {fileID: 8291029542399081182, guid: ea651aaa6c75d0b478ac3c07b5a60e7e,
        type: 3}
      propertyPath: m_LocalPosition.y
      value: 0.00000047683716
      objectReference: {fileID: 0}
    - target: {fileID: 8291029542399081182, guid: ea651aaa6c75d0b478ac3c07b5a60e7e,
        type: 3}
      propertyPath: m_LocalPosition.z
      value: 3.23
      objectReference: {fileID: 0}
    - target: {fileID: 8291029542399081182, guid: ea651aaa6c75d0b478ac3c07b5a60e7e,
        type: 3}
      propertyPath: m_LocalRotation.x
      value: -0
      objectReference: {fileID: 0}
    - target: {fileID: 8291029542399081182, guid: ea651aaa6c75d0b478ac3c07b5a60e7e,
        type: 3}
      propertyPath: m_LocalRotation.y
      value: -0
      objectReference: {fileID: 0}
    - target: {fileID: 8291029542399081182, guid: ea651aaa6c75d0b478ac3c07b5a60e7e,
        type: 3}
      propertyPath: m_LocalRotation.z
      value: -0
      objectReference: {fileID: 0}
    - target: {fileID: 8291029542399081182, guid: ea651aaa6c75d0b478ac3c07b5a60e7e,
        type: 3}
      propertyPath: m_LocalRotation.w
      value: 1
      objectReference: {fileID: 0}
    - target: {fileID: 8291029542399081182, guid: ea651aaa6c75d0b478ac3c07b5a60e7e,
        type: 3}
      propertyPath: m_RootOrder
      value: 16
      objectReference: {fileID: 0}
    - target: {fileID: 8291029542399081182, guid: ea651aaa6c75d0b478ac3c07b5a60e7e,
        type: 3}
      propertyPath: m_LocalEulerAnglesHint.x
      value: 0
      objectReference: {fileID: 0}
    - target: {fileID: 8291029542399081182, guid: ea651aaa6c75d0b478ac3c07b5a60e7e,
        type: 3}
      propertyPath: m_LocalEulerAnglesHint.y
      value: 0
      objectReference: {fileID: 0}
    - target: {fileID: 8291029542399081182, guid: ea651aaa6c75d0b478ac3c07b5a60e7e,
        type: 3}
      propertyPath: m_LocalEulerAnglesHint.z
      value: 0
      objectReference: {fileID: 0}
    m_RemovedComponents: []
  m_SourcePrefab: {fileID: 100100000, guid: ea651aaa6c75d0b478ac3c07b5a60e7e, type: 3}
--- !u!4 &4560124040906812303 stripped
Transform:
  m_CorrespondingSourceObject: {fileID: 8291029542399081182, guid: ea651aaa6c75d0b478ac3c07b5a60e7e,
    type: 3}
  m_PrefabInstance: {fileID: 5496493637628809553}
  m_PrefabAsset: {fileID: 0}
--- !u!114 &7653524350327543544 stripped
MonoBehaviour:
  m_CorrespondingSourceObject: {fileID: 2770188827637843881, guid: ea651aaa6c75d0b478ac3c07b5a60e7e,
    type: 3}
  m_PrefabInstance: {fileID: 5496493637628809553}
  m_PrefabAsset: {fileID: 0}
  m_GameObject: {fileID: 0}
  m_Enabled: 1
  m_EditorHideFlags: 0
  m_Script: {fileID: 11500000, guid: 3058a6b2192e52844b03051777325f2f, type: 3}
  m_Name: 
  m_EditorClassIdentifier: 
--- !u!114 &8763543953434797820 stripped
MonoBehaviour:
  m_CorrespondingSourceObject: {fileID: 3880179953803704237, guid: ea651aaa6c75d0b478ac3c07b5a60e7e,
    type: 3}
  m_PrefabInstance: {fileID: 5496493637628809553}
  m_PrefabAsset: {fileID: 0}
  m_GameObject: {fileID: 0}
  m_Enabled: 1
  m_EditorHideFlags: 0
  m_Script: {fileID: 11500000, guid: b38c257c8ddf42e4d9ccc059180044d0, type: 3}
  m_Name: 
  m_EditorClassIdentifier: 
--- !u!1001 &5847905961687332537
PrefabInstance:
  m_ObjectHideFlags: 0
  serializedVersion: 2
  m_Modification:
    m_TransformParent: {fileID: 8560424849119393813}
    m_Modifications:
    - target: {fileID: 8557220913186548059, guid: 4c3e09c89d4c57347a2eda5d8bd0c3b9,
        type: 3}
      propertyPath: m_Name
      value: Soldier
      objectReference: {fileID: 0}
    - target: {fileID: 8291029542399081182, guid: 4c3e09c89d4c57347a2eda5d8bd0c3b9,
        type: 3}
      propertyPath: m_LocalPosition.x
      value: -1.65
      objectReference: {fileID: 0}
    - target: {fileID: 8291029542399081182, guid: 4c3e09c89d4c57347a2eda5d8bd0c3b9,
        type: 3}
      propertyPath: m_LocalPosition.y
      value: 0
      objectReference: {fileID: 0}
    - target: {fileID: 8291029542399081182, guid: 4c3e09c89d4c57347a2eda5d8bd0c3b9,
        type: 3}
      propertyPath: m_LocalPosition.z
      value: -2.99
      objectReference: {fileID: 0}
    - target: {fileID: 8291029542399081182, guid: 4c3e09c89d4c57347a2eda5d8bd0c3b9,
        type: 3}
      propertyPath: m_LocalRotation.x
      value: -0
      objectReference: {fileID: 0}
    - target: {fileID: 8291029542399081182, guid: 4c3e09c89d4c57347a2eda5d8bd0c3b9,
        type: 3}
      propertyPath: m_LocalRotation.y
      value: -0
      objectReference: {fileID: 0}
    - target: {fileID: 8291029542399081182, guid: 4c3e09c89d4c57347a2eda5d8bd0c3b9,
        type: 3}
      propertyPath: m_LocalRotation.z
      value: -0
      objectReference: {fileID: 0}
    - target: {fileID: 8291029542399081182, guid: 4c3e09c89d4c57347a2eda5d8bd0c3b9,
        type: 3}
      propertyPath: m_LocalRotation.w
      value: 1
      objectReference: {fileID: 0}
    - target: {fileID: 8291029542399081182, guid: 4c3e09c89d4c57347a2eda5d8bd0c3b9,
        type: 3}
      propertyPath: m_RootOrder
      value: 1
      objectReference: {fileID: 0}
    - target: {fileID: 8291029542399081182, guid: 4c3e09c89d4c57347a2eda5d8bd0c3b9,
        type: 3}
      propertyPath: m_LocalEulerAnglesHint.x
      value: 0
      objectReference: {fileID: 0}
    - target: {fileID: 8291029542399081182, guid: 4c3e09c89d4c57347a2eda5d8bd0c3b9,
        type: 3}
      propertyPath: m_LocalEulerAnglesHint.y
      value: 0
      objectReference: {fileID: 0}
    - target: {fileID: 8291029542399081182, guid: 4c3e09c89d4c57347a2eda5d8bd0c3b9,
        type: 3}
      propertyPath: m_LocalEulerAnglesHint.z
      value: 0
      objectReference: {fileID: 0}
    m_RemovedComponents: []
  m_SourcePrefab: {fileID: 100100000, guid: 4c3e09c89d4c57347a2eda5d8bd0c3b9, type: 3}
--- !u!114 &8599165485472231696 stripped
MonoBehaviour:
  m_CorrespondingSourceObject: {fileID: 2770188827637843881, guid: 4c3e09c89d4c57347a2eda5d8bd0c3b9,
    type: 3}
  m_PrefabInstance: {fileID: 5847905961687332537}
  m_PrefabAsset: {fileID: 0}
  m_GameObject: {fileID: 0}
  m_Enabled: 1
  m_EditorHideFlags: 0
  m_Script: {fileID: 11500000, guid: 3058a6b2192e52844b03051777325f2f, type: 3}
  m_Name: 
  m_EditorClassIdentifier: 
--- !u!4 &2461296421302979687 stripped
Transform:
  m_CorrespondingSourceObject: {fileID: 8291029542399081182, guid: 4c3e09c89d4c57347a2eda5d8bd0c3b9,
    type: 3}
  m_PrefabInstance: {fileID: 5847905961687332537}
  m_PrefabAsset: {fileID: 0}
--- !u!1001 &6555817244526718279
PrefabInstance:
  m_ObjectHideFlags: 0
  serializedVersion: 2
  m_Modification:
    m_TransformParent: {fileID: 8560424849119393813}
    m_Modifications:
    - target: {fileID: 8557220913186548059, guid: 4c3e09c89d4c57347a2eda5d8bd0c3b9,
        type: 3}
      propertyPath: m_Name
      value: Soldier (4)
      objectReference: {fileID: 0}
    - target: {fileID: 8291029542399081182, guid: 4c3e09c89d4c57347a2eda5d8bd0c3b9,
        type: 3}
      propertyPath: m_LocalPosition.x
      value: -0.83
      objectReference: {fileID: 0}
    - target: {fileID: 8291029542399081182, guid: 4c3e09c89d4c57347a2eda5d8bd0c3b9,
        type: 3}
      propertyPath: m_LocalPosition.y
      value: 0
      objectReference: {fileID: 0}
    - target: {fileID: 8291029542399081182, guid: 4c3e09c89d4c57347a2eda5d8bd0c3b9,
        type: 3}
      propertyPath: m_LocalPosition.z
      value: -0.5
      objectReference: {fileID: 0}
    - target: {fileID: 8291029542399081182, guid: 4c3e09c89d4c57347a2eda5d8bd0c3b9,
        type: 3}
      propertyPath: m_LocalRotation.x
      value: -0
      objectReference: {fileID: 0}
    - target: {fileID: 8291029542399081182, guid: 4c3e09c89d4c57347a2eda5d8bd0c3b9,
        type: 3}
      propertyPath: m_LocalRotation.y
      value: -0
      objectReference: {fileID: 0}
    - target: {fileID: 8291029542399081182, guid: 4c3e09c89d4c57347a2eda5d8bd0c3b9,
        type: 3}
      propertyPath: m_LocalRotation.z
      value: -0
      objectReference: {fileID: 0}
    - target: {fileID: 8291029542399081182, guid: 4c3e09c89d4c57347a2eda5d8bd0c3b9,
        type: 3}
      propertyPath: m_LocalRotation.w
      value: 1
      objectReference: {fileID: 0}
    - target: {fileID: 8291029542399081182, guid: 4c3e09c89d4c57347a2eda5d8bd0c3b9,
        type: 3}
      propertyPath: m_RootOrder
      value: 5
      objectReference: {fileID: 0}
    - target: {fileID: 8291029542399081182, guid: 4c3e09c89d4c57347a2eda5d8bd0c3b9,
        type: 3}
      propertyPath: m_LocalEulerAnglesHint.x
      value: 0
      objectReference: {fileID: 0}
    - target: {fileID: 8291029542399081182, guid: 4c3e09c89d4c57347a2eda5d8bd0c3b9,
        type: 3}
      propertyPath: m_LocalEulerAnglesHint.y
      value: 0
      objectReference: {fileID: 0}
    - target: {fileID: 8291029542399081182, guid: 4c3e09c89d4c57347a2eda5d8bd0c3b9,
        type: 3}
      propertyPath: m_LocalEulerAnglesHint.z
      value: 0
      objectReference: {fileID: 0}
    m_RemovedComponents: []
  m_SourcePrefab: {fileID: 100100000, guid: 4c3e09c89d4c57347a2eda5d8bd0c3b9, type: 3}
--- !u!114 &8974338165493541614 stripped
MonoBehaviour:
  m_CorrespondingSourceObject: {fileID: 2770188827637843881, guid: 4c3e09c89d4c57347a2eda5d8bd0c3b9,
    type: 3}
  m_PrefabInstance: {fileID: 6555817244526718279}
  m_PrefabAsset: {fileID: 0}
  m_GameObject: {fileID: 0}
  m_Enabled: 1
  m_EditorHideFlags: 0
  m_Script: {fileID: 11500000, guid: 3058a6b2192e52844b03051777325f2f, type: 3}
  m_Name: 
  m_EditorClassIdentifier: 
--- !u!4 &3023417816776857497 stripped
Transform:
  m_CorrespondingSourceObject: {fileID: 8291029542399081182, guid: 4c3e09c89d4c57347a2eda5d8bd0c3b9,
    type: 3}
  m_PrefabInstance: {fileID: 6555817244526718279}
  m_PrefabAsset: {fileID: 0}
--- !u!1001 &6584169670807852245
PrefabInstance:
  m_ObjectHideFlags: 0
  serializedVersion: 2
  m_Modification:
    m_TransformParent: {fileID: 8560424849119393813}
    m_Modifications:
    - target: {fileID: 8557220913186548059, guid: 4c3e09c89d4c57347a2eda5d8bd0c3b9,
        type: 3}
      propertyPath: m_Name
      value: Soldier (1)
      objectReference: {fileID: 0}
    - target: {fileID: 8291029542399081182, guid: 4c3e09c89d4c57347a2eda5d8bd0c3b9,
        type: 3}
      propertyPath: m_LocalPosition.x
      value: 2.15
      objectReference: {fileID: 0}
    - target: {fileID: 8291029542399081182, guid: 4c3e09c89d4c57347a2eda5d8bd0c3b9,
        type: 3}
      propertyPath: m_LocalPosition.y
      value: 0
      objectReference: {fileID: 0}
    - target: {fileID: 8291029542399081182, guid: 4c3e09c89d4c57347a2eda5d8bd0c3b9,
        type: 3}
      propertyPath: m_LocalPosition.z
      value: -2.11
      objectReference: {fileID: 0}
    - target: {fileID: 8291029542399081182, guid: 4c3e09c89d4c57347a2eda5d8bd0c3b9,
        type: 3}
      propertyPath: m_LocalRotation.x
      value: -0
      objectReference: {fileID: 0}
    - target: {fileID: 8291029542399081182, guid: 4c3e09c89d4c57347a2eda5d8bd0c3b9,
        type: 3}
      propertyPath: m_LocalRotation.y
      value: -0
      objectReference: {fileID: 0}
    - target: {fileID: 8291029542399081182, guid: 4c3e09c89d4c57347a2eda5d8bd0c3b9,
        type: 3}
      propertyPath: m_LocalRotation.z
      value: -0
      objectReference: {fileID: 0}
    - target: {fileID: 8291029542399081182, guid: 4c3e09c89d4c57347a2eda5d8bd0c3b9,
        type: 3}
      propertyPath: m_LocalRotation.w
      value: 1
      objectReference: {fileID: 0}
    - target: {fileID: 8291029542399081182, guid: 4c3e09c89d4c57347a2eda5d8bd0c3b9,
        type: 3}
      propertyPath: m_RootOrder
      value: 2
      objectReference: {fileID: 0}
    - target: {fileID: 8291029542399081182, guid: 4c3e09c89d4c57347a2eda5d8bd0c3b9,
        type: 3}
      propertyPath: m_LocalEulerAnglesHint.x
      value: 0
      objectReference: {fileID: 0}
    - target: {fileID: 8291029542399081182, guid: 4c3e09c89d4c57347a2eda5d8bd0c3b9,
        type: 3}
      propertyPath: m_LocalEulerAnglesHint.y
      value: 0
      objectReference: {fileID: 0}
    - target: {fileID: 8291029542399081182, guid: 4c3e09c89d4c57347a2eda5d8bd0c3b9,
        type: 3}
      propertyPath: m_LocalEulerAnglesHint.z
      value: 0
      objectReference: {fileID: 0}
    m_RemovedComponents: []
  m_SourcePrefab: {fileID: 100100000, guid: 4c3e09c89d4c57347a2eda5d8bd0c3b9, type: 3}
--- !u!114 &9020177209938875260 stripped
MonoBehaviour:
  m_CorrespondingSourceObject: {fileID: 2770188827637843881, guid: 4c3e09c89d4c57347a2eda5d8bd0c3b9,
    type: 3}
  m_PrefabInstance: {fileID: 6584169670807852245}
  m_PrefabAsset: {fileID: 0}
  m_GameObject: {fileID: 0}
  m_Enabled: 1
  m_EditorHideFlags: 0
  m_Script: {fileID: 11500000, guid: 3058a6b2192e52844b03051777325f2f, type: 3}
  m_Name: 
  m_EditorClassIdentifier: 
--- !u!4 &2904835084950466059 stripped
Transform:
  m_CorrespondingSourceObject: {fileID: 8291029542399081182, guid: 4c3e09c89d4c57347a2eda5d8bd0c3b9,
    type: 3}
  m_PrefabInstance: {fileID: 6584169670807852245}
  m_PrefabAsset: {fileID: 0}
--- !u!1001 &6692554208121923691
PrefabInstance:
  m_ObjectHideFlags: 0
  serializedVersion: 2
  m_Modification:
    m_TransformParent: {fileID: 8560424849119393813}
    m_Modifications:
    - target: {fileID: 8557220913186548059, guid: 4c3e09c89d4c57347a2eda5d8bd0c3b9,
        type: 3}
      propertyPath: m_Name
      value: Soldier (11)
      objectReference: {fileID: 0}
    - target: {fileID: 8291029542399081182, guid: 4c3e09c89d4c57347a2eda5d8bd0c3b9,
        type: 3}
      propertyPath: m_LocalPosition.x
      value: -0.5
      objectReference: {fileID: 0}
    - target: {fileID: 8291029542399081182, guid: 4c3e09c89d4c57347a2eda5d8bd0c3b9,
        type: 3}
      propertyPath: m_LocalPosition.y
      value: 0
      objectReference: {fileID: 0}
    - target: {fileID: 8291029542399081182, guid: 4c3e09c89d4c57347a2eda5d8bd0c3b9,
        type: 3}
      propertyPath: m_LocalPosition.z
      value: 2.51
      objectReference: {fileID: 0}
    - target: {fileID: 8291029542399081182, guid: 4c3e09c89d4c57347a2eda5d8bd0c3b9,
        type: 3}
      propertyPath: m_LocalRotation.x
      value: -0
      objectReference: {fileID: 0}
    - target: {fileID: 8291029542399081182, guid: 4c3e09c89d4c57347a2eda5d8bd0c3b9,
        type: 3}
      propertyPath: m_LocalRotation.y
      value: -0
      objectReference: {fileID: 0}
    - target: {fileID: 8291029542399081182, guid: 4c3e09c89d4c57347a2eda5d8bd0c3b9,
        type: 3}
      propertyPath: m_LocalRotation.z
      value: -0
      objectReference: {fileID: 0}
    - target: {fileID: 8291029542399081182, guid: 4c3e09c89d4c57347a2eda5d8bd0c3b9,
        type: 3}
      propertyPath: m_LocalRotation.w
      value: 1
      objectReference: {fileID: 0}
    - target: {fileID: 8291029542399081182, guid: 4c3e09c89d4c57347a2eda5d8bd0c3b9,
        type: 3}
      propertyPath: m_RootOrder
      value: 12
      objectReference: {fileID: 0}
    - target: {fileID: 8291029542399081182, guid: 4c3e09c89d4c57347a2eda5d8bd0c3b9,
        type: 3}
      propertyPath: m_LocalEulerAnglesHint.x
      value: 0
      objectReference: {fileID: 0}
    - target: {fileID: 8291029542399081182, guid: 4c3e09c89d4c57347a2eda5d8bd0c3b9,
        type: 3}
      propertyPath: m_LocalEulerAnglesHint.y
      value: 0
      objectReference: {fileID: 0}
    - target: {fileID: 8291029542399081182, guid: 4c3e09c89d4c57347a2eda5d8bd0c3b9,
        type: 3}
      propertyPath: m_LocalEulerAnglesHint.z
      value: 0
      objectReference: {fileID: 0}
    m_RemovedComponents: []
  m_SourcePrefab: {fileID: 100100000, guid: 4c3e09c89d4c57347a2eda5d8bd0c3b9, type: 3}
--- !u!4 &3454012317724857013 stripped
Transform:
  m_CorrespondingSourceObject: {fileID: 8291029542399081182, guid: 4c3e09c89d4c57347a2eda5d8bd0c3b9,
    type: 3}
  m_PrefabInstance: {fileID: 6692554208121923691}
  m_PrefabAsset: {fileID: 0}
--- !u!114 &8831851993262403522 stripped
MonoBehaviour:
  m_CorrespondingSourceObject: {fileID: 2770188827637843881, guid: 4c3e09c89d4c57347a2eda5d8bd0c3b9,
    type: 3}
  m_PrefabInstance: {fileID: 6692554208121923691}
  m_PrefabAsset: {fileID: 0}
  m_GameObject: {fileID: 0}
  m_Enabled: 1
  m_EditorHideFlags: 0
  m_Script: {fileID: 11500000, guid: 3058a6b2192e52844b03051777325f2f, type: 3}
  m_Name: 
  m_EditorClassIdentifier: 
--- !u!1001 &7644294256993684232
PrefabInstance:
  m_ObjectHideFlags: 0
  serializedVersion: 2
  m_Modification:
    m_TransformParent: {fileID: 8560424849119393813}
    m_Modifications:
    - target: {fileID: 8557220913186548059, guid: 4c3e09c89d4c57347a2eda5d8bd0c3b9,
        type: 3}
      propertyPath: m_Name
      value: Soldier (5)
      objectReference: {fileID: 0}
    - target: {fileID: 8291029542399081182, guid: 4c3e09c89d4c57347a2eda5d8bd0c3b9,
        type: 3}
      propertyPath: m_LocalPosition.x
      value: 1.48
      objectReference: {fileID: 0}
    - target: {fileID: 8291029542399081182, guid: 4c3e09c89d4c57347a2eda5d8bd0c3b9,
        type: 3}
      propertyPath: m_LocalPosition.y
      value: 0
      objectReference: {fileID: 0}
    - target: {fileID: 8291029542399081182, guid: 4c3e09c89d4c57347a2eda5d8bd0c3b9,
        type: 3}
      propertyPath: m_LocalPosition.z
      value: -0.01
      objectReference: {fileID: 0}
    - target: {fileID: 8291029542399081182, guid: 4c3e09c89d4c57347a2eda5d8bd0c3b9,
        type: 3}
      propertyPath: m_LocalRotation.x
      value: -0
      objectReference: {fileID: 0}
    - target: {fileID: 8291029542399081182, guid: 4c3e09c89d4c57347a2eda5d8bd0c3b9,
        type: 3}
      propertyPath: m_LocalRotation.y
      value: -0
      objectReference: {fileID: 0}
    - target: {fileID: 8291029542399081182, guid: 4c3e09c89d4c57347a2eda5d8bd0c3b9,
        type: 3}
      propertyPath: m_LocalRotation.z
      value: -0
      objectReference: {fileID: 0}
    - target: {fileID: 8291029542399081182, guid: 4c3e09c89d4c57347a2eda5d8bd0c3b9,
        type: 3}
      propertyPath: m_LocalRotation.w
      value: 1
      objectReference: {fileID: 0}
    - target: {fileID: 8291029542399081182, guid: 4c3e09c89d4c57347a2eda5d8bd0c3b9,
        type: 3}
      propertyPath: m_RootOrder
      value: 6
      objectReference: {fileID: 0}
    - target: {fileID: 8291029542399081182, guid: 4c3e09c89d4c57347a2eda5d8bd0c3b9,
        type: 3}
      propertyPath: m_LocalEulerAnglesHint.x
      value: 0
      objectReference: {fileID: 0}
    - target: {fileID: 8291029542399081182, guid: 4c3e09c89d4c57347a2eda5d8bd0c3b9,
        type: 3}
      propertyPath: m_LocalEulerAnglesHint.y
      value: 0
      objectReference: {fileID: 0}
    - target: {fileID: 8291029542399081182, guid: 4c3e09c89d4c57347a2eda5d8bd0c3b9,
        type: 3}
      propertyPath: m_LocalEulerAnglesHint.z
      value: 0
      objectReference: {fileID: 0}
    m_RemovedComponents: []
  m_SourcePrefab: {fileID: 100100000, guid: 4c3e09c89d4c57347a2eda5d8bd0c3b9, type: 3}
--- !u!114 &5504609512750238881 stripped
MonoBehaviour:
  m_CorrespondingSourceObject: {fileID: 2770188827637843881, guid: 4c3e09c89d4c57347a2eda5d8bd0c3b9,
    type: 3}
  m_PrefabInstance: {fileID: 7644294256993684232}
  m_PrefabAsset: {fileID: 0}
  m_GameObject: {fileID: 0}
  m_Enabled: 1
  m_EditorHideFlags: 0
  m_Script: {fileID: 11500000, guid: 3058a6b2192e52844b03051777325f2f, type: 3}
  m_Name: 
  m_EditorClassIdentifier: 
--- !u!4 &1808857503381696982 stripped
Transform:
  m_CorrespondingSourceObject: {fileID: 8291029542399081182, guid: 4c3e09c89d4c57347a2eda5d8bd0c3b9,
    type: 3}
  m_PrefabInstance: {fileID: 7644294256993684232}
  m_PrefabAsset: {fileID: 0}
--- !u!1001 &8931242227942048641
PrefabInstance:
  m_ObjectHideFlags: 0
  serializedVersion: 2
  m_Modification:
    m_TransformParent: {fileID: 8560424849119393813}
    m_Modifications:
    - target: {fileID: 8557220913186548059, guid: 4c3e09c89d4c57347a2eda5d8bd0c3b9,
        type: 3}
      propertyPath: m_Name
      value: Soldier (7)
      objectReference: {fileID: 0}
    - target: {fileID: 8291029542399081182, guid: 4c3e09c89d4c57347a2eda5d8bd0c3b9,
        type: 3}
      propertyPath: m_LocalPosition.x
      value: 1.95
      objectReference: {fileID: 0}
    - target: {fileID: 8291029542399081182, guid: 4c3e09c89d4c57347a2eda5d8bd0c3b9,
        type: 3}
      propertyPath: m_LocalPosition.y
      value: 0
      objectReference: {fileID: 0}
    - target: {fileID: 8291029542399081182, guid: 4c3e09c89d4c57347a2eda5d8bd0c3b9,
        type: 3}
      propertyPath: m_LocalPosition.z
      value: 0.72
      objectReference: {fileID: 0}
    - target: {fileID: 8291029542399081182, guid: 4c3e09c89d4c57347a2eda5d8bd0c3b9,
        type: 3}
      propertyPath: m_LocalRotation.x
      value: -0
      objectReference: {fileID: 0}
    - target: {fileID: 8291029542399081182, guid: 4c3e09c89d4c57347a2eda5d8bd0c3b9,
        type: 3}
      propertyPath: m_LocalRotation.y
      value: -0
      objectReference: {fileID: 0}
    - target: {fileID: 8291029542399081182, guid: 4c3e09c89d4c57347a2eda5d8bd0c3b9,
        type: 3}
      propertyPath: m_LocalRotation.z
      value: -0
      objectReference: {fileID: 0}
    - target: {fileID: 8291029542399081182, guid: 4c3e09c89d4c57347a2eda5d8bd0c3b9,
        type: 3}
      propertyPath: m_LocalRotation.w
      value: 1
      objectReference: {fileID: 0}
    - target: {fileID: 8291029542399081182, guid: 4c3e09c89d4c57347a2eda5d8bd0c3b9,
        type: 3}
      propertyPath: m_RootOrder
      value: 8
      objectReference: {fileID: 0}
    - target: {fileID: 8291029542399081182, guid: 4c3e09c89d4c57347a2eda5d8bd0c3b9,
        type: 3}
      propertyPath: m_LocalEulerAnglesHint.x
      value: 0
      objectReference: {fileID: 0}
    - target: {fileID: 8291029542399081182, guid: 4c3e09c89d4c57347a2eda5d8bd0c3b9,
        type: 3}
      propertyPath: m_LocalEulerAnglesHint.y
      value: 0
      objectReference: {fileID: 0}
    - target: {fileID: 8291029542399081182, guid: 4c3e09c89d4c57347a2eda5d8bd0c3b9,
        type: 3}
      propertyPath: m_LocalEulerAnglesHint.z
      value: 0
      objectReference: {fileID: 0}
    m_RemovedComponents: []
  m_SourcePrefab: {fileID: 100100000, guid: 4c3e09c89d4c57347a2eda5d8bd0c3b9, type: 3}
--- !u!4 &647816911199091039 stripped
Transform:
  m_CorrespondingSourceObject: {fileID: 8291029542399081182, guid: 4c3e09c89d4c57347a2eda5d8bd0c3b9,
    type: 3}
  m_PrefabInstance: {fileID: 8931242227942048641}
  m_PrefabAsset: {fileID: 0}
--- !u!114 &6738393789828187176 stripped
MonoBehaviour:
  m_CorrespondingSourceObject: {fileID: 2770188827637843881, guid: 4c3e09c89d4c57347a2eda5d8bd0c3b9,
    type: 3}
  m_PrefabInstance: {fileID: 8931242227942048641}
  m_PrefabAsset: {fileID: 0}
  m_GameObject: {fileID: 0}
  m_Enabled: 1
  m_EditorHideFlags: 0
  m_Script: {fileID: 11500000, guid: 3058a6b2192e52844b03051777325f2f, type: 3}
  m_Name: 
  m_EditorClassIdentifier: 
