%YAML 1.1
%TAG !u! tag:unity3d.com,2011:
--- !u!1 &7304910174712485982
GameObject:
  m_ObjectHideFlags: 0
  m_CorrespondingSourceObject: {fileID: 0}
  m_PrefabInstance: {fileID: 0}
  m_PrefabAsset: {fileID: 0}
  serializedVersion: 6
  m_Component:
  - component: {fileID: 9066283921555212481}
  - component: {fileID: 8661651275930616339}
  m_Layer: 0
  m_Name: Ground02-1
  m_TagString: Untagged
  m_Icon: {fileID: 0}
  m_NavMeshLayer: 0
  m_StaticEditorFlags: 0
  m_IsActive: 1
--- !u!4 &9066283921555212481
Transform:
  m_ObjectHideFlags: 0
  m_CorrespondingSourceObject: {fileID: 0}
  m_PrefabInstance: {fileID: 0}
  m_PrefabAsset: {fileID: 0}
  m_GameObject: {fileID: 7304910174712485982}
  m_LocalRotation: {x: 0, y: 0, z: 0, w: 1}
  m_LocalPosition: {x: 0, y: 0, z: 0}
  m_LocalScale: {x: 380, y: 380, z: 380}
  m_Children:
  - {fileID: 3364148171182305079}
  - {fileID: 3364148172918865801}
  - {fileID: 3112621092351801365}
  - {fileID: 4136870099727498656}
  - {fileID: 3584714836738476008}
  - {fileID: 3543095526672211736}
  - {fileID: 5393277060106496407}
  - {fileID: 2593439164857277468}
  - {fileID: 833787188366070393}
  - {fileID: 8257372461054980991}
  - {fileID: 3436864321692672499}
  m_Father: {fileID: 0}
  m_RootOrder: 0
  m_LocalEulerAnglesHint: {x: 0, y: 0, z: 0}
--- !u!114 &8661651275930616339
MonoBehaviour:
  m_ObjectHideFlags: 0
  m_CorrespondingSourceObject: {fileID: 0}
  m_PrefabInstance: {fileID: 0}
  m_PrefabAsset: {fileID: 0}
  m_GameObject: {fileID: 7304910174712485982}
  m_Enabled: 1
  m_EditorHideFlags: 0
  m_Script: {fileID: 11500000, guid: 786605fe8bf78b445986bca03c7d528d, type: 3}
  m_Name: 
  m_EditorClassIdentifier: 
  ammoBox: {fileID: 0}
  enemies: []
  areaLength: 15.2
  gc: {fileID: 8028747493838691222}
--- !u!1001 &833787188365936891
PrefabInstance:
  m_ObjectHideFlags: 0
  serializedVersion: 2
  m_Modification:
    m_TransformParent: {fileID: 9066283921555212481}
    m_Modifications:
    - target: {fileID: 100002, guid: b7abc4a74d997d143a815206d76691b2, type: 3}
      propertyPath: m_Name
      value: Tree07 (4)
      objectReference: {fileID: 0}
    - target: {fileID: 400002, guid: b7abc4a74d997d143a815206d76691b2, type: 3}
      propertyPath: m_LocalPosition.x
      value: 0.0074
      objectReference: {fileID: 0}
    - target: {fileID: 400002, guid: b7abc4a74d997d143a815206d76691b2, type: 3}
      propertyPath: m_LocalPosition.y
      value: 0.00041000007
      objectReference: {fileID: 0}
    - target: {fileID: 400002, guid: b7abc4a74d997d143a815206d76691b2, type: 3}
      propertyPath: m_LocalPosition.z
      value: -0.01
      objectReference: {fileID: 0}
    - target: {fileID: 400002, guid: b7abc4a74d997d143a815206d76691b2, type: 3}
      propertyPath: m_LocalRotation.x
      value: -0
      objectReference: {fileID: 0}
    - target: {fileID: 400002, guid: b7abc4a74d997d143a815206d76691b2, type: 3}
      propertyPath: m_LocalRotation.y
      value: -0.77654874
      objectReference: {fileID: 0}
    - target: {fileID: 400002, guid: b7abc4a74d997d143a815206d76691b2, type: 3}
      propertyPath: m_LocalRotation.z
      value: -0
      objectReference: {fileID: 0}
    - target: {fileID: 400002, guid: b7abc4a74d997d143a815206d76691b2, type: 3}
      propertyPath: m_LocalRotation.w
      value: 0.6300572
      objectReference: {fileID: 0}
    - target: {fileID: 400002, guid: b7abc4a74d997d143a815206d76691b2, type: 3}
      propertyPath: m_RootOrder
      value: 8
      objectReference: {fileID: 0}
    - target: {fileID: 400002, guid: b7abc4a74d997d143a815206d76691b2, type: 3}
      propertyPath: m_LocalEulerAnglesHint.x
      value: 0
      objectReference: {fileID: 0}
    - target: {fileID: 400002, guid: b7abc4a74d997d143a815206d76691b2, type: 3}
      propertyPath: m_LocalEulerAnglesHint.y
      value: -101.89101
      objectReference: {fileID: 0}
    - target: {fileID: 400002, guid: b7abc4a74d997d143a815206d76691b2, type: 3}
      propertyPath: m_LocalEulerAnglesHint.z
      value: 0
      objectReference: {fileID: 0}
    - target: {fileID: 400002, guid: b7abc4a74d997d143a815206d76691b2, type: 3}
      propertyPath: m_LocalScale.x
      value: 0.020000005
      objectReference: {fileID: 0}
    - target: {fileID: 400002, guid: b7abc4a74d997d143a815206d76691b2, type: 3}
      propertyPath: m_LocalScale.y
      value: 0.02
      objectReference: {fileID: 0}
    - target: {fileID: 400002, guid: b7abc4a74d997d143a815206d76691b2, type: 3}
      propertyPath: m_LocalScale.z
      value: 0.020000005
      objectReference: {fileID: 0}
    - target: {fileID: 2300000, guid: b7abc4a74d997d143a815206d76691b2, type: 3}
      propertyPath: m_Materials.Array.data[0]
      value: 
      objectReference: {fileID: 2100000, guid: c28b908740798154aad8603be52ae1d6, type: 2}
    m_RemovedComponents: []
  m_SourcePrefab: {fileID: 100100000, guid: b7abc4a74d997d143a815206d76691b2, type: 3}
--- !u!4 &833787188366070393 stripped
Transform:
  m_CorrespondingSourceObject: {fileID: 400002, guid: b7abc4a74d997d143a815206d76691b2,
    type: 3}
  m_PrefabInstance: {fileID: 833787188365936891}
  m_PrefabAsset: {fileID: 0}
--- !u!1001 &2593439164856878750
PrefabInstance:
  m_ObjectHideFlags: 0
  serializedVersion: 2
  m_Modification:
    m_TransformParent: {fileID: 9066283921555212481}
    m_Modifications:
    - target: {fileID: 100002, guid: b7abc4a74d997d143a815206d76691b2, type: 3}
      propertyPath: m_Name
      value: Tree07 (3)
      objectReference: {fileID: 0}
    - target: {fileID: 400002, guid: b7abc4a74d997d143a815206d76691b2, type: 3}
      propertyPath: m_LocalPosition.x
      value: -0.0074
      objectReference: {fileID: 0}
    - target: {fileID: 400002, guid: b7abc4a74d997d143a815206d76691b2, type: 3}
      propertyPath: m_LocalPosition.y
      value: 0.00041000007
      objectReference: {fileID: 0}
    - target: {fileID: 400002, guid: b7abc4a74d997d143a815206d76691b2, type: 3}
      propertyPath: m_LocalPosition.z
      value: -0.0254
      objectReference: {fileID: 0}
    - target: {fileID: 400002, guid: b7abc4a74d997d143a815206d76691b2, type: 3}
      propertyPath: m_LocalRotation.x
      value: -0
      objectReference: {fileID: 0}
    - target: {fileID: 400002, guid: b7abc4a74d997d143a815206d76691b2, type: 3}
      propertyPath: m_LocalRotation.y
      value: -0.77654874
      objectReference: {fileID: 0}
    - target: {fileID: 400002, guid: b7abc4a74d997d143a815206d76691b2, type: 3}
      propertyPath: m_LocalRotation.z
      value: -0
      objectReference: {fileID: 0}
    - target: {fileID: 400002, guid: b7abc4a74d997d143a815206d76691b2, type: 3}
      propertyPath: m_LocalRotation.w
      value: 0.6300572
      objectReference: {fileID: 0}
    - target: {fileID: 400002, guid: b7abc4a74d997d143a815206d76691b2, type: 3}
      propertyPath: m_RootOrder
      value: 7
      objectReference: {fileID: 0}
    - target: {fileID: 400002, guid: b7abc4a74d997d143a815206d76691b2, type: 3}
      propertyPath: m_LocalEulerAnglesHint.x
      value: 0
      objectReference: {fileID: 0}
    - target: {fileID: 400002, guid: b7abc4a74d997d143a815206d76691b2, type: 3}
      propertyPath: m_LocalEulerAnglesHint.y
      value: -101.89101
      objectReference: {fileID: 0}
    - target: {fileID: 400002, guid: b7abc4a74d997d143a815206d76691b2, type: 3}
      propertyPath: m_LocalEulerAnglesHint.z
      value: 0
      objectReference: {fileID: 0}
    - target: {fileID: 400002, guid: b7abc4a74d997d143a815206d76691b2, type: 3}
      propertyPath: m_LocalScale.x
      value: 0.020000005
      objectReference: {fileID: 0}
    - target: {fileID: 400002, guid: b7abc4a74d997d143a815206d76691b2, type: 3}
      propertyPath: m_LocalScale.y
      value: 0.02
      objectReference: {fileID: 0}
    - target: {fileID: 400002, guid: b7abc4a74d997d143a815206d76691b2, type: 3}
      propertyPath: m_LocalScale.z
      value: 0.020000005
      objectReference: {fileID: 0}
    - target: {fileID: 2300000, guid: b7abc4a74d997d143a815206d76691b2, type: 3}
      propertyPath: m_Materials.Array.data[0]
      value: 
      objectReference: {fileID: 2100000, guid: c28b908740798154aad8603be52ae1d6, type: 2}
    m_RemovedComponents: []
  m_SourcePrefab: {fileID: 100100000, guid: b7abc4a74d997d143a815206d76691b2, type: 3}
--- !u!4 &2593439164857277468 stripped
Transform:
  m_CorrespondingSourceObject: {fileID: 400002, guid: b7abc4a74d997d143a815206d76691b2,
    type: 3}
  m_PrefabInstance: {fileID: 2593439164856878750}
  m_PrefabAsset: {fileID: 0}
--- !u!1001 &3112621092351664785
PrefabInstance:
  m_ObjectHideFlags: 0
  serializedVersion: 2
  m_Modification:
    m_TransformParent: {fileID: 9066283921555212481}
    m_Modifications:
    - target: {fileID: 100004, guid: 63b0aafea273f954ca957c8a6165a7b6, type: 3}
      propertyPath: m_Name
      value: Rock01 (1)
      objectReference: {fileID: 0}
    - target: {fileID: 400002, guid: 63b0aafea273f954ca957c8a6165a7b6, type: 3}
      propertyPath: m_LocalPosition.x
      value: 5.94
      objectReference: {fileID: 0}
    - target: {fileID: 400002, guid: 63b0aafea273f954ca957c8a6165a7b6, type: 3}
      propertyPath: m_LocalPosition.z
      value: 3.17
      objectReference: {fileID: 0}
    - target: {fileID: 400004, guid: 63b0aafea273f954ca957c8a6165a7b6, type: 3}
      propertyPath: m_LocalPosition.x
      value: -0.05649
      objectReference: {fileID: 0}
    - target: {fileID: 400004, guid: 63b0aafea273f954ca957c8a6165a7b6, type: 3}
      propertyPath: m_LocalPosition.y
      value: 0
      objectReference: {fileID: 0}
    - target: {fileID: 400004, guid: 63b0aafea273f954ca957c8a6165a7b6, type: 3}
      propertyPath: m_LocalPosition.z
      value: -0.00405
      objectReference: {fileID: 0}
    - target: {fileID: 400004, guid: 63b0aafea273f954ca957c8a6165a7b6, type: 3}
      propertyPath: m_LocalRotation.x
      value: -0
      objectReference: {fileID: 0}
    - target: {fileID: 400004, guid: 63b0aafea273f954ca957c8a6165a7b6, type: 3}
      propertyPath: m_LocalRotation.y
      value: 0.32478687
      objectReference: {fileID: 0}
    - target: {fileID: 400004, guid: 63b0aafea273f954ca957c8a6165a7b6, type: 3}
      propertyPath: m_LocalRotation.z
      value: -0
      objectReference: {fileID: 0}
    - target: {fileID: 400004, guid: 63b0aafea273f954ca957c8a6165a7b6, type: 3}
      propertyPath: m_LocalRotation.w
      value: 0.94578725
      objectReference: {fileID: 0}
    - target: {fileID: 400004, guid: 63b0aafea273f954ca957c8a6165a7b6, type: 3}
      propertyPath: m_RootOrder
      value: 2
      objectReference: {fileID: 0}
    - target: {fileID: 400004, guid: 63b0aafea273f954ca957c8a6165a7b6, type: 3}
      propertyPath: m_LocalEulerAnglesHint.x
      value: 0
      objectReference: {fileID: 0}
    - target: {fileID: 400004, guid: 63b0aafea273f954ca957c8a6165a7b6, type: 3}
      propertyPath: m_LocalEulerAnglesHint.y
      value: 37.905003
      objectReference: {fileID: 0}
    - target: {fileID: 400004, guid: 63b0aafea273f954ca957c8a6165a7b6, type: 3}
      propertyPath: m_LocalEulerAnglesHint.z
      value: 0
      objectReference: {fileID: 0}
    - target: {fileID: 400004, guid: 63b0aafea273f954ca957c8a6165a7b6, type: 3}
      propertyPath: m_LocalScale.x
      value: 0.016875999
      objectReference: {fileID: 0}
    - target: {fileID: 400004, guid: 63b0aafea273f954ca957c8a6165a7b6, type: 3}
      propertyPath: m_LocalScale.y
      value: 0.01
      objectReference: {fileID: 0}
    - target: {fileID: 400004, guid: 63b0aafea273f954ca957c8a6165a7b6, type: 3}
      propertyPath: m_LocalScale.z
      value: 0.01
      objectReference: {fileID: 0}
    - target: {fileID: 2300000, guid: 63b0aafea273f954ca957c8a6165a7b6, type: 3}
      propertyPath: m_Materials.Array.data[0]
      value: 
      objectReference: {fileID: 2100000, guid: 661b4f19f79515a4da2094e898096b53, type: 2}
    m_RemovedComponents: []
  m_SourcePrefab: {fileID: 100100000, guid: 63b0aafea273f954ca957c8a6165a7b6, type: 3}
--- !u!4 &3112621092351801365 stripped
Transform:
  m_CorrespondingSourceObject: {fileID: 400004, guid: 63b0aafea273f954ca957c8a6165a7b6,
    type: 3}
  m_PrefabInstance: {fileID: 3112621092351664785}
  m_PrefabAsset: {fileID: 0}
--- !u!1001 &3364148171182699957
PrefabInstance:
  m_ObjectHideFlags: 0
  serializedVersion: 2
  m_Modification:
    m_TransformParent: {fileID: 9066283921555212481}
    m_Modifications:
    - target: {fileID: 100002, guid: ab0f66019d6795540928acaf7cff140b, type: 3}
      propertyPath: m_Name
      value: Turret
      objectReference: {fileID: 0}
    - target: {fileID: 400002, guid: ab0f66019d6795540928acaf7cff140b, type: 3}
      propertyPath: m_LocalPosition.x
      value: 0.00090000004
      objectReference: {fileID: 0}
    - target: {fileID: 400002, guid: ab0f66019d6795540928acaf7cff140b, type: 3}
      propertyPath: m_LocalPosition.y
      value: 0.0018099999
      objectReference: {fileID: 0}
    - target: {fileID: 400002, guid: ab0f66019d6795540928acaf7cff140b, type: 3}
      propertyPath: m_LocalPosition.z
      value: -0.012399999
      objectReference: {fileID: 0}
    - target: {fileID: 400002, guid: ab0f66019d6795540928acaf7cff140b, type: 3}
      propertyPath: m_LocalRotation.x
      value: -0
      objectReference: {fileID: 0}
    - target: {fileID: 400002, guid: ab0f66019d6795540928acaf7cff140b, type: 3}
      propertyPath: m_LocalRotation.y
      value: 0.9857576
      objectReference: {fileID: 0}
    - target: {fileID: 400002, guid: ab0f66019d6795540928acaf7cff140b, type: 3}
      propertyPath: m_LocalRotation.z
      value: -0
      objectReference: {fileID: 0}
    - target: {fileID: 400002, guid: ab0f66019d6795540928acaf7cff140b, type: 3}
      propertyPath: m_LocalRotation.w
      value: 0.16817243
      objectReference: {fileID: 0}
    - target: {fileID: 400002, guid: ab0f66019d6795540928acaf7cff140b, type: 3}
      propertyPath: m_RootOrder
      value: 0
      objectReference: {fileID: 0}
    - target: {fileID: 400002, guid: ab0f66019d6795540928acaf7cff140b, type: 3}
      propertyPath: m_LocalEulerAnglesHint.x
      value: 0
      objectReference: {fileID: 0}
    - target: {fileID: 400002, guid: ab0f66019d6795540928acaf7cff140b, type: 3}
      propertyPath: m_LocalEulerAnglesHint.y
      value: 160.63701
      objectReference: {fileID: 0}
    - target: {fileID: 400002, guid: ab0f66019d6795540928acaf7cff140b, type: 3}
      propertyPath: m_LocalEulerAnglesHint.z
      value: 0
      objectReference: {fileID: 0}
    - target: {fileID: 400002, guid: ab0f66019d6795540928acaf7cff140b, type: 3}
      propertyPath: m_LocalScale.x
      value: 0.0079999985
      objectReference: {fileID: 0}
    - target: {fileID: 400002, guid: ab0f66019d6795540928acaf7cff140b, type: 3}
      propertyPath: m_LocalScale.y
      value: 0.008
      objectReference: {fileID: 0}
    - target: {fileID: 400002, guid: ab0f66019d6795540928acaf7cff140b, type: 3}
      propertyPath: m_LocalScale.z
      value: 0.0079999985
      objectReference: {fileID: 0}
    m_RemovedComponents: []
  m_SourcePrefab: {fileID: 100100000, guid: ab0f66019d6795540928acaf7cff140b, type: 3}
--- !u!4 &3364148171182305079 stripped
Transform:
  m_CorrespondingSourceObject: {fileID: 400002, guid: ab0f66019d6795540928acaf7cff140b,
    type: 3}
  m_PrefabInstance: {fileID: 3364148171182699957}
  m_PrefabAsset: {fileID: 0}
--- !u!1001 &3364148172918990091
PrefabInstance:
  m_ObjectHideFlags: 0
  serializedVersion: 2
  m_Modification:
    m_TransformParent: {fileID: 9066283921555212481}
    m_Modifications:
    - target: {fileID: 100002, guid: f1ff15ffc8c95d1429a3af9bd24f72d5, type: 3}
      propertyPath: m_Name
      value: Hiil01 (1)
      objectReference: {fileID: 0}
    - target: {fileID: 400002, guid: f1ff15ffc8c95d1429a3af9bd24f72d5, type: 3}
      propertyPath: m_LocalPosition.x
      value: -0.0137
      objectReference: {fileID: 0}
    - target: {fileID: 400002, guid: f1ff15ffc8c95d1429a3af9bd24f72d5, type: 3}
      propertyPath: m_LocalPosition.y
      value: 0
      objectReference: {fileID: 0}
    - target: {fileID: 400002, guid: f1ff15ffc8c95d1429a3af9bd24f72d5, type: 3}
      propertyPath: m_LocalPosition.z
      value: -0.020299999
      objectReference: {fileID: 0}
    - target: {fileID: 400002, guid: f1ff15ffc8c95d1429a3af9bd24f72d5, type: 3}
      propertyPath: m_LocalRotation.x
      value: -0
      objectReference: {fileID: 0}
    - target: {fileID: 400002, guid: f1ff15ffc8c95d1429a3af9bd24f72d5, type: 3}
      propertyPath: m_LocalRotation.y
      value: 0.7725875
      objectReference: {fileID: 0}
    - target: {fileID: 400002, guid: f1ff15ffc8c95d1429a3af9bd24f72d5, type: 3}
      propertyPath: m_LocalRotation.z
      value: -0
      objectReference: {fileID: 0}
    - target: {fileID: 400002, guid: f1ff15ffc8c95d1429a3af9bd24f72d5, type: 3}
      propertyPath: m_LocalRotation.w
      value: 0.6349084
      objectReference: {fileID: 0}
    - target: {fileID: 400002, guid: f1ff15ffc8c95d1429a3af9bd24f72d5, type: 3}
      propertyPath: m_RootOrder
      value: 1
      objectReference: {fileID: 0}
    - target: {fileID: 400002, guid: f1ff15ffc8c95d1429a3af9bd24f72d5, type: 3}
      propertyPath: m_LocalEulerAnglesHint.x
      value: 0
      objectReference: {fileID: 0}
    - target: {fileID: 400002, guid: f1ff15ffc8c95d1429a3af9bd24f72d5, type: 3}
      propertyPath: m_LocalEulerAnglesHint.y
      value: 101.174
      objectReference: {fileID: 0}
    - target: {fileID: 400002, guid: f1ff15ffc8c95d1429a3af9bd24f72d5, type: 3}
      propertyPath: m_LocalEulerAnglesHint.z
      value: 0
      objectReference: {fileID: 0}
    - target: {fileID: 400002, guid: f1ff15ffc8c95d1429a3af9bd24f72d5, type: 3}
      propertyPath: m_LocalScale.x
      value: 0.003854899
      objectReference: {fileID: 0}
    - target: {fileID: 400002, guid: f1ff15ffc8c95d1429a3af9bd24f72d5, type: 3}
      propertyPath: m_LocalScale.y
      value: 0.0038549
      objectReference: {fileID: 0}
    - target: {fileID: 400002, guid: f1ff15ffc8c95d1429a3af9bd24f72d5, type: 3}
      propertyPath: m_LocalScale.z
      value: 0.003854899
      objectReference: {fileID: 0}
    - target: {fileID: 2300000, guid: f1ff15ffc8c95d1429a3af9bd24f72d5, type: 3}
      propertyPath: m_Materials.Array.data[0]
      value: 
      objectReference: {fileID: 2100000, guid: ffa65a34ed7769e4498ac5660b867078, type: 2}
    m_RemovedComponents: []
  m_SourcePrefab: {fileID: 100100000, guid: f1ff15ffc8c95d1429a3af9bd24f72d5, type: 3}
--- !u!4 &3364148172918865801 stripped
Transform:
  m_CorrespondingSourceObject: {fileID: 400002, guid: f1ff15ffc8c95d1429a3af9bd24f72d5,
    type: 3}
  m_PrefabInstance: {fileID: 3364148172918990091}
  m_PrefabAsset: {fileID: 0}
--- !u!1001 &3543095526672336282
PrefabInstance:
  m_ObjectHideFlags: 0
  serializedVersion: 2
  m_Modification:
    m_TransformParent: {fileID: 9066283921555212481}
    m_Modifications:
    - target: {fileID: 100002, guid: b7abc4a74d997d143a815206d76691b2, type: 3}
      propertyPath: m_Name
      value: Tree07 (1)
      objectReference: {fileID: 0}
    - target: {fileID: 400002, guid: b7abc4a74d997d143a815206d76691b2, type: 3}
      propertyPath: m_LocalPosition.x
      value: 0.0029
      objectReference: {fileID: 0}
    - target: {fileID: 400002, guid: b7abc4a74d997d143a815206d76691b2, type: 3}
      propertyPath: m_LocalPosition.y
      value: 0.00041000007
      objectReference: {fileID: 0}
    - target: {fileID: 400002, guid: b7abc4a74d997d143a815206d76691b2, type: 3}
      propertyPath: m_LocalPosition.z
      value: -0.020599999
      objectReference: {fileID: 0}
    - target: {fileID: 400002, guid: b7abc4a74d997d143a815206d76691b2, type: 3}
      propertyPath: m_LocalRotation.x
      value: -0
      objectReference: {fileID: 0}
    - target: {fileID: 400002, guid: b7abc4a74d997d143a815206d76691b2, type: 3}
      propertyPath: m_LocalRotation.y
      value: -0.77654874
      objectReference: {fileID: 0}
    - target: {fileID: 400002, guid: b7abc4a74d997d143a815206d76691b2, type: 3}
      propertyPath: m_LocalRotation.z
      value: -0
      objectReference: {fileID: 0}
    - target: {fileID: 400002, guid: b7abc4a74d997d143a815206d76691b2, type: 3}
      propertyPath: m_LocalRotation.w
      value: 0.6300572
      objectReference: {fileID: 0}
    - target: {fileID: 400002, guid: b7abc4a74d997d143a815206d76691b2, type: 3}
      propertyPath: m_RootOrder
      value: 5
      objectReference: {fileID: 0}
    - target: {fileID: 400002, guid: b7abc4a74d997d143a815206d76691b2, type: 3}
      propertyPath: m_LocalEulerAnglesHint.x
      value: 0
      objectReference: {fileID: 0}
    - target: {fileID: 400002, guid: b7abc4a74d997d143a815206d76691b2, type: 3}
      propertyPath: m_LocalEulerAnglesHint.y
      value: -101.89101
      objectReference: {fileID: 0}
    - target: {fileID: 400002, guid: b7abc4a74d997d143a815206d76691b2, type: 3}
      propertyPath: m_LocalEulerAnglesHint.z
      value: 0
      objectReference: {fileID: 0}
    - target: {fileID: 400002, guid: b7abc4a74d997d143a815206d76691b2, type: 3}
      propertyPath: m_LocalScale.x
      value: 0.020000005
      objectReference: {fileID: 0}
    - target: {fileID: 400002, guid: b7abc4a74d997d143a815206d76691b2, type: 3}
      propertyPath: m_LocalScale.y
      value: 0.02
      objectReference: {fileID: 0}
    - target: {fileID: 400002, guid: b7abc4a74d997d143a815206d76691b2, type: 3}
      propertyPath: m_LocalScale.z
      value: 0.020000005
      objectReference: {fileID: 0}
    - target: {fileID: 2300000, guid: b7abc4a74d997d143a815206d76691b2, type: 3}
      propertyPath: m_Materials.Array.data[0]
      value: 
      objectReference: {fileID: 2100000, guid: c28b908740798154aad8603be52ae1d6, type: 2}
    m_RemovedComponents: []
  m_SourcePrefab: {fileID: 100100000, guid: b7abc4a74d997d143a815206d76691b2, type: 3}
--- !u!4 &3543095526672211736 stripped
Transform:
  m_CorrespondingSourceObject: {fileID: 400002, guid: b7abc4a74d997d143a815206d76691b2,
    type: 3}
  m_PrefabInstance: {fileID: 3543095526672336282}
  m_PrefabAsset: {fileID: 0}
--- !u!1001 &3584714836738088298
PrefabInstance:
  m_ObjectHideFlags: 0
  serializedVersion: 2
  m_Modification:
    m_TransformParent: {fileID: 9066283921555212481}
    m_Modifications:
    - target: {fileID: 100002, guid: f1ff15ffc8c95d1429a3af9bd24f72d5, type: 3}
      propertyPath: m_Name
      value: Hiil01 (2)
      objectReference: {fileID: 0}
    - target: {fileID: 400002, guid: f1ff15ffc8c95d1429a3af9bd24f72d5, type: 3}
      propertyPath: m_LocalPosition.x
      value: 0.019
      objectReference: {fileID: 0}
    - target: {fileID: 400002, guid: f1ff15ffc8c95d1429a3af9bd24f72d5, type: 3}
      propertyPath: m_LocalPosition.y
      value: 0
      objectReference: {fileID: 0}
    - target: {fileID: 400002, guid: f1ff15ffc8c95d1429a3af9bd24f72d5, type: 3}
      propertyPath: m_LocalPosition.z
      value: -0.015599999
      objectReference: {fileID: 0}
    - target: {fileID: 400002, guid: f1ff15ffc8c95d1429a3af9bd24f72d5, type: 3}
      propertyPath: m_LocalRotation.x
      value: -0
      objectReference: {fileID: 0}
    - target: {fileID: 400002, guid: f1ff15ffc8c95d1429a3af9bd24f72d5, type: 3}
      propertyPath: m_LocalRotation.y
      value: 0.9809193
      objectReference: {fileID: 0}
    - target: {fileID: 400002, guid: f1ff15ffc8c95d1429a3af9bd24f72d5, type: 3}
      propertyPath: m_LocalRotation.z
      value: -0
      objectReference: {fileID: 0}
    - target: {fileID: 400002, guid: f1ff15ffc8c95d1429a3af9bd24f72d5, type: 3}
      propertyPath: m_LocalRotation.w
      value: 0.19441554
      objectReference: {fileID: 0}
    - target: {fileID: 400002, guid: f1ff15ffc8c95d1429a3af9bd24f72d5, type: 3}
      propertyPath: m_RootOrder
      value: 4
      objectReference: {fileID: 0}
    - target: {fileID: 400002, guid: f1ff15ffc8c95d1429a3af9bd24f72d5, type: 3}
      propertyPath: m_LocalEulerAnglesHint.x
      value: 0
      objectReference: {fileID: 0}
    - target: {fileID: 400002, guid: f1ff15ffc8c95d1429a3af9bd24f72d5, type: 3}
      propertyPath: m_LocalEulerAnglesHint.y
      value: 157.57901
      objectReference: {fileID: 0}
    - target: {fileID: 400002, guid: f1ff15ffc8c95d1429a3af9bd24f72d5, type: 3}
      propertyPath: m_LocalEulerAnglesHint.z
      value: 0
      objectReference: {fileID: 0}
    - target: {fileID: 400002, guid: f1ff15ffc8c95d1429a3af9bd24f72d5, type: 3}
      propertyPath: m_LocalScale.x
      value: 0.0019627009
      objectReference: {fileID: 0}
    - target: {fileID: 400002, guid: f1ff15ffc8c95d1429a3af9bd24f72d5, type: 3}
      propertyPath: m_LocalScale.y
      value: 0.0019627
      objectReference: {fileID: 0}
    - target: {fileID: 400002, guid: f1ff15ffc8c95d1429a3af9bd24f72d5, type: 3}
      propertyPath: m_LocalScale.z
      value: 0.004775252
      objectReference: {fileID: 0}
    - target: {fileID: 2300000, guid: f1ff15ffc8c95d1429a3af9bd24f72d5, type: 3}
      propertyPath: m_Materials.Array.data[0]
      value: 
      objectReference: {fileID: 2100000, guid: ffa65a34ed7769e4498ac5660b867078, type: 2}
    m_RemovedComponents: []
  m_SourcePrefab: {fileID: 100100000, guid: f1ff15ffc8c95d1429a3af9bd24f72d5, type: 3}
--- !u!4 &3584714836738476008 stripped
Transform:
  m_CorrespondingSourceObject: {fileID: 400002, guid: f1ff15ffc8c95d1429a3af9bd24f72d5,
    type: 3}
  m_PrefabInstance: {fileID: 3584714836738088298}
  m_PrefabAsset: {fileID: 0}
--- !u!1001 &3856987536813548107
PrefabInstance:
  m_ObjectHideFlags: 0
  serializedVersion: 2
  m_Modification:
    m_TransformParent: {fileID: 9066283921555212481}
    m_Modifications:
    - target: {fileID: 6287635955329500422, guid: d1017225ad9270e488e83f7c05bf392e,
        type: 3}
      propertyPath: m_Name
      value: GroundChooser
      objectReference: {fileID: 0}
    - target: {fileID: 1888402832253895608, guid: d1017225ad9270e488e83f7c05bf392e,
        type: 3}
      propertyPath: m_LocalPosition.x
      value: 0
      objectReference: {fileID: 0}
    - target: {fileID: 1888402832253895608, guid: d1017225ad9270e488e83f7c05bf392e,
        type: 3}
      propertyPath: m_LocalPosition.y
      value: 0
      objectReference: {fileID: 0}
    - target: {fileID: 1888402832253895608, guid: d1017225ad9270e488e83f7c05bf392e,
        type: 3}
      propertyPath: m_LocalPosition.z
      value: 0
      objectReference: {fileID: 0}
    - target: {fileID: 1888402832253895608, guid: d1017225ad9270e488e83f7c05bf392e,
        type: 3}
      propertyPath: m_LocalRotation.x
      value: 0
      objectReference: {fileID: 0}
    - target: {fileID: 1888402832253895608, guid: d1017225ad9270e488e83f7c05bf392e,
        type: 3}
      propertyPath: m_LocalRotation.y
      value: 0
      objectReference: {fileID: 0}
    - target: {fileID: 1888402832253895608, guid: d1017225ad9270e488e83f7c05bf392e,
        type: 3}
      propertyPath: m_LocalRotation.z
      value: 0
      objectReference: {fileID: 0}
    - target: {fileID: 1888402832253895608, guid: d1017225ad9270e488e83f7c05bf392e,
        type: 3}
      propertyPath: m_LocalRotation.w
      value: 1
      objectReference: {fileID: 0}
    - target: {fileID: 1888402832253895608, guid: d1017225ad9270e488e83f7c05bf392e,
        type: 3}
      propertyPath: m_RootOrder
      value: 10
      objectReference: {fileID: 0}
    - target: {fileID: 1888402832253895608, guid: d1017225ad9270e488e83f7c05bf392e,
        type: 3}
      propertyPath: m_LocalEulerAnglesHint.x
      value: 0
      objectReference: {fileID: 0}
    - target: {fileID: 1888402832253895608, guid: d1017225ad9270e488e83f7c05bf392e,
        type: 3}
      propertyPath: m_LocalEulerAnglesHint.y
      value: 0
      objectReference: {fileID: 0}
    - target: {fileID: 1888402832253895608, guid: d1017225ad9270e488e83f7c05bf392e,
        type: 3}
      propertyPath: m_LocalEulerAnglesHint.z
      value: 0
      objectReference: {fileID: 0}
    m_RemovedComponents: []
  m_SourcePrefab: {fileID: 100100000, guid: d1017225ad9270e488e83f7c05bf392e, type: 3}
--- !u!4 &3436864321692672499 stripped
Transform:
  m_CorrespondingSourceObject: {fileID: 1888402832253895608, guid: d1017225ad9270e488e83f7c05bf392e,
    type: 3}
  m_PrefabInstance: {fileID: 3856987536813548107}
  m_PrefabAsset: {fileID: 0}
--- !u!114 &8028747493838691222 stripped
MonoBehaviour:
  m_CorrespondingSourceObject: {fileID: 6551913874146294237, guid: d1017225ad9270e488e83f7c05bf392e,
    type: 3}
  m_PrefabInstance: {fileID: 3856987536813548107}
  m_PrefabAsset: {fileID: 0}
  m_GameObject: {fileID: 0}
  m_Enabled: 1
  m_EditorHideFlags: 0
  m_Script: {fileID: 11500000, guid: 01a9c70436906b54b943d37c823ffd97, type: 3}
  m_Name: 
  m_EditorClassIdentifier: 
--- !u!1001 &4136870099727886116
PrefabInstance:
  m_ObjectHideFlags: 0
  serializedVersion: 2
  m_Modification:
    m_TransformParent: {fileID: 9066283921555212481}
    m_Modifications:
    - target: {fileID: 100004, guid: e6742f6f7fc079d4ab98c6a96996028d, type: 3}
      propertyPath: m_Name
      value: Rock02 (1)
      objectReference: {fileID: 0}
    - target: {fileID: 400004, guid: e6742f6f7fc079d4ab98c6a96996028d, type: 3}
      propertyPath: m_LocalPosition.x
      value: 0.0024799998
      objectReference: {fileID: 0}
    - target: {fileID: 400004, guid: e6742f6f7fc079d4ab98c6a96996028d, type: 3}
      propertyPath: m_LocalPosition.y
      value: 0.0017
      objectReference: {fileID: 0}
    - target: {fileID: 400004, guid: e6742f6f7fc079d4ab98c6a96996028d, type: 3}
      propertyPath: m_LocalPosition.z
      value: -0.03594
      objectReference: {fileID: 0}
    - target: {fileID: 400004, guid: e6742f6f7fc079d4ab98c6a96996028d, type: 3}
      propertyPath: m_LocalRotation.x
      value: -0
      objectReference: {fileID: 0}
    - target: {fileID: 400004, guid: e6742f6f7fc079d4ab98c6a96996028d, type: 3}
      propertyPath: m_LocalRotation.y
      value: -0
      objectReference: {fileID: 0}
    - target: {fileID: 400004, guid: e6742f6f7fc079d4ab98c6a96996028d, type: 3}
      propertyPath: m_LocalRotation.z
      value: -0
      objectReference: {fileID: 0}
    - target: {fileID: 400004, guid: e6742f6f7fc079d4ab98c6a96996028d, type: 3}
      propertyPath: m_LocalRotation.w
      value: 1
      objectReference: {fileID: 0}
    - target: {fileID: 400004, guid: e6742f6f7fc079d4ab98c6a96996028d, type: 3}
      propertyPath: m_RootOrder
      value: 3
      objectReference: {fileID: 0}
    - target: {fileID: 400004, guid: e6742f6f7fc079d4ab98c6a96996028d, type: 3}
      propertyPath: m_LocalEulerAnglesHint.x
      value: 0
      objectReference: {fileID: 0}
    - target: {fileID: 400004, guid: e6742f6f7fc079d4ab98c6a96996028d, type: 3}
      propertyPath: m_LocalEulerAnglesHint.y
      value: 0
      objectReference: {fileID: 0}
    - target: {fileID: 400004, guid: e6742f6f7fc079d4ab98c6a96996028d, type: 3}
      propertyPath: m_LocalEulerAnglesHint.z
      value: 0
      objectReference: {fileID: 0}
    - target: {fileID: 400004, guid: e6742f6f7fc079d4ab98c6a96996028d, type: 3}
      propertyPath: m_LocalScale.x
      value: 0.01
      objectReference: {fileID: 0}
    - target: {fileID: 400004, guid: e6742f6f7fc079d4ab98c6a96996028d, type: 3}
      propertyPath: m_LocalScale.y
      value: 0.01
      objectReference: {fileID: 0}
    - target: {fileID: 400004, guid: e6742f6f7fc079d4ab98c6a96996028d, type: 3}
      propertyPath: m_LocalScale.z
      value: 0.01
      objectReference: {fileID: 0}
    - target: {fileID: 2300000, guid: e6742f6f7fc079d4ab98c6a96996028d, type: 3}
      propertyPath: m_Materials.Array.data[0]
      value: 
      objectReference: {fileID: 2100000, guid: 661b4f19f79515a4da2094e898096b53, type: 2}
    m_RemovedComponents: []
  m_SourcePrefab: {fileID: 100100000, guid: e6742f6f7fc079d4ab98c6a96996028d, type: 3}
--- !u!4 &4136870099727498656 stripped
Transform:
  m_CorrespondingSourceObject: {fileID: 400004, guid: e6742f6f7fc079d4ab98c6a96996028d,
    type: 3}
  m_PrefabInstance: {fileID: 4136870099727886116}
  m_PrefabAsset: {fileID: 0}
--- !u!1001 &5393277060106892053
PrefabInstance:
  m_ObjectHideFlags: 0
  serializedVersion: 2
  m_Modification:
    m_TransformParent: {fileID: 9066283921555212481}
    m_Modifications:
    - target: {fileID: 100002, guid: b7abc4a74d997d143a815206d76691b2, type: 3}
      propertyPath: m_Name
      value: Tree07 (2)
      objectReference: {fileID: 0}
    - target: {fileID: 400002, guid: b7abc4a74d997d143a815206d76691b2, type: 3}
      propertyPath: m_LocalPosition.x
      value: 0.002559412
      objectReference: {fileID: 0}
    - target: {fileID: 400002, guid: b7abc4a74d997d143a815206d76691b2, type: 3}
      propertyPath: m_LocalPosition.y
      value: 0.00041299194
      objectReference: {fileID: 0}
    - target: {fileID: 400002, guid: b7abc4a74d997d143a815206d76691b2, type: 3}
      propertyPath: m_LocalPosition.z
      value: -0.032657146
      objectReference: {fileID: 0}
    - target: {fileID: 400002, guid: b7abc4a74d997d143a815206d76691b2, type: 3}
      propertyPath: m_LocalRotation.x
      value: 0.0056160158
      objectReference: {fileID: 0}
    - target: {fileID: 400002, guid: b7abc4a74d997d143a815206d76691b2, type: 3}
      propertyPath: m_LocalRotation.y
      value: -0.5493619
      objectReference: {fileID: 0}
    - target: {fileID: 400002, guid: b7abc4a74d997d143a815206d76691b2, type: 3}
      propertyPath: m_LocalRotation.z
      value: 0.016409982
      objectReference: {fileID: 0}
    - target: {fileID: 400002, guid: b7abc4a74d997d143a815206d76691b2, type: 3}
      propertyPath: m_LocalRotation.w
      value: 0.8354046
      objectReference: {fileID: 0}
    - target: {fileID: 400002, guid: b7abc4a74d997d143a815206d76691b2, type: 3}
      propertyPath: m_RootOrder
      value: 6
      objectReference: {fileID: 0}
    - target: {fileID: 400002, guid: b7abc4a74d997d143a815206d76691b2, type: 3}
      propertyPath: m_LocalEulerAnglesHint.x
      value: 1.5710001
      objectReference: {fileID: 0}
    - target: {fileID: 400002, guid: b7abc4a74d997d143a815206d76691b2, type: 3}
      propertyPath: m_LocalEulerAnglesHint.y
      value: -66.64101
      objectReference: {fileID: 0}
    - target: {fileID: 400002, guid: b7abc4a74d997d143a815206d76691b2, type: 3}
      propertyPath: m_LocalEulerAnglesHint.z
      value: 1.218
      objectReference: {fileID: 0}
    - target: {fileID: 400002, guid: b7abc4a74d997d143a815206d76691b2, type: 3}
      propertyPath: m_LocalScale.x
      value: 0.02
      objectReference: {fileID: 0}
    - target: {fileID: 400002, guid: b7abc4a74d997d143a815206d76691b2, type: 3}
      propertyPath: m_LocalScale.y
      value: 0.020000001
      objectReference: {fileID: 0}
    - target: {fileID: 400002, guid: b7abc4a74d997d143a815206d76691b2, type: 3}
      propertyPath: m_LocalScale.z
      value: 0.020000009
      objectReference: {fileID: 0}
    - target: {fileID: 2300000, guid: b7abc4a74d997d143a815206d76691b2, type: 3}
      propertyPath: m_Materials.Array.data[0]
      value: 
      objectReference: {fileID: 2100000, guid: c28b908740798154aad8603be52ae1d6, type: 2}
    m_RemovedComponents: []
  m_SourcePrefab: {fileID: 100100000, guid: b7abc4a74d997d143a815206d76691b2, type: 3}
--- !u!4 &5393277060106496407 stripped
Transform:
  m_CorrespondingSourceObject: {fileID: 400002, guid: b7abc4a74d997d143a815206d76691b2,
    type: 3}
  m_PrefabInstance: {fileID: 5393277060106892053}
  m_PrefabAsset: {fileID: 0}
--- !u!1001 &8257372461054585339
PrefabInstance:
  m_ObjectHideFlags: 0
  serializedVersion: 2
  m_Modification:
    m_TransformParent: {fileID: 9066283921555212481}
    m_Modifications:
    - target: {fileID: 100004, guid: 46005dbcef28b7c46be5182f0b33aa12, type: 3}
      propertyPath: m_Name
      value: Rock04 (1)
      objectReference: {fileID: 0}
    - target: {fileID: 400004, guid: 46005dbcef28b7c46be5182f0b33aa12, type: 3}
      propertyPath: m_LocalPosition.x
      value: -0.006974345
      objectReference: {fileID: 0}
    - target: {fileID: 400004, guid: 46005dbcef28b7c46be5182f0b33aa12, type: 3}
      propertyPath: m_LocalPosition.y
      value: 0
      objectReference: {fileID: 0}
    - target: {fileID: 400004, guid: 46005dbcef28b7c46be5182f0b33aa12, type: 3}
      propertyPath: m_LocalPosition.z
      value: -0.0027492421
      objectReference: {fileID: 0}
    - target: {fileID: 400004, guid: 46005dbcef28b7c46be5182f0b33aa12, type: 3}
      propertyPath: m_LocalRotation.x
      value: -0
      objectReference: {fileID: 0}
    - target: {fileID: 400004, guid: 46005dbcef28b7c46be5182f0b33aa12, type: 3}
      propertyPath: m_LocalRotation.y
      value: 0.07655982
      objectReference: {fileID: 0}
    - target: {fileID: 400004, guid: 46005dbcef28b7c46be5182f0b33aa12, type: 3}
      propertyPath: m_LocalRotation.z
      value: -0
      objectReference: {fileID: 0}
    - target: {fileID: 400004, guid: 46005dbcef28b7c46be5182f0b33aa12, type: 3}
      propertyPath: m_LocalRotation.w
      value: 0.997065
      objectReference: {fileID: 0}
    - target: {fileID: 400004, guid: 46005dbcef28b7c46be5182f0b33aa12, type: 3}
      propertyPath: m_RootOrder
      value: 9
      objectReference: {fileID: 0}
    - target: {fileID: 400004, guid: 46005dbcef28b7c46be5182f0b33aa12, type: 3}
      propertyPath: m_LocalEulerAnglesHint.x
      value: 0
      objectReference: {fileID: 0}
    - target: {fileID: 400004, guid: 46005dbcef28b7c46be5182f0b33aa12, type: 3}
      propertyPath: m_LocalEulerAnglesHint.y
      value: 8.782001
      objectReference: {fileID: 0}
    - target: {fileID: 400004, guid: 46005dbcef28b7c46be5182f0b33aa12, type: 3}
      propertyPath: m_LocalEulerAnglesHint.z
      value: 0
      objectReference: {fileID: 0}
    - target: {fileID: 400004, guid: 46005dbcef28b7c46be5182f0b33aa12, type: 3}
      propertyPath: m_LocalScale.x
      value: 0.01
      objectReference: {fileID: 0}
    - target: {fileID: 400004, guid: 46005dbcef28b7c46be5182f0b33aa12, type: 3}
      propertyPath: m_LocalScale.y
      value: 0.01
      objectReference: {fileID: 0}
    - target: {fileID: 400004, guid: 46005dbcef28b7c46be5182f0b33aa12, type: 3}
      propertyPath: m_LocalScale.z
      value: 0.01
      objectReference: {fileID: 0}
    - target: {fileID: 2300000, guid: 46005dbcef28b7c46be5182f0b33aa12, type: 3}
      propertyPath: m_Materials.Array.data[0]
      value: 
      objectReference: {fileID: 2100000, guid: 1fb6181f95c7b4e4684aa75d2b82141b, type: 2}
    m_RemovedComponents: []
  m_SourcePrefab: {fileID: 100100000, guid: 46005dbcef28b7c46be5182f0b33aa12, type: 3}
--- !u!4 &8257372461054980991 stripped
Transform:
  m_CorrespondingSourceObject: {fileID: 400004, guid: 46005dbcef28b7c46be5182f0b33aa12,
    type: 3}
  m_PrefabInstance: {fileID: 8257372461054585339}
  m_PrefabAsset: {fileID: 0}
